  <div class='ocr_page' id='page_1' title='image "/cluster/home/n/w/nwhite01/storage/ocr_20150623/118/nnc1.0046980148/371.png"; bbox 0 0 4194 6468; ppageno 0'>
   <div class='ocr_carea' id='block_1_1' title="bbox 770 424 874 484">
    <p class='ocr_par' dir='ltr' id='par_1_1' title="bbox 770 424 874 484">
     <span class='ocr_line' id='line_1_1' title="bbox 770 424 874 484; baseline -0.029 -1"><span class='ocrx_word' id='word_1_1' title='bbox 770 424 874 484; x_wconf 68' lang='grc'><strong>793</strong></span> 
     </span>
    </p>
   </div>
   <div class='ocr_carea' id='block_1_2' title="bbox 1815 416 2933 478">
    <p class='ocr_par' dir='ltr' id='par_1_2' title="bbox 1815 416 2933 478">
     <span class='ocr_line' id='line_1_2' title="bbox 1815 416 2933 478; baseline 0.001 -1"><span class='ocrx_word' id='word_1_2' title='bbox 1815 417 2175 478; x_wconf 69' lang='lat' dir='ltr'><strong>(ECUMENI</strong></span> <span class='ocrx_word' id='word_1_3' title='bbox 2193 416 2216 476; x_wconf 82' lang='grc' dir='ltr'>Ι</span> <span class='ocrx_word' id='word_1_4' title='bbox 2256 417 2301 474; x_wconf 87' lang='grc' dir='ltr'>Τ</span> <span class='ocrx_word' id='word_1_5' title='bbox 2315 416 2358 473; x_wconf 69' lang='grc' dir='ltr'><strong>Β</strong></span> <span class='ocrx_word' id='word_1_6' title='bbox 2372 416 2549 475; x_wconf 65' lang='grc' dir='ltr'><strong>ιωΕ</strong></span> <span class='ocrx_word' id='word_1_7' title='bbox 2585 417 2933 478; x_wconf 82' lang='lat' dir='ltr'><strong>EPISCOPI</strong></span> 
     </span>
    </p>
   </div>
   <div class='ocr_carea' id='block_1_3' title="bbox 3938 424 4052 483">
    <p class='ocr_par' dir='ltr' id='par_1_3' title="bbox 3938 424 4052 483">
     <span class='ocr_line' id='line_1_3' title="bbox 3938 424 4052 483; baseline -0.018 0"><span class='ocrx_word' id='word_1_8' title='bbox 3938 424 4052 483; x_wconf 70' lang='grc' dir='ltr'><strong>’ἷὶί</strong></span> 
     </span>
    </p>
   </div>
   <div class='ocr_carea' id='block_1_4' title="bbox 772 533 2336 609">
    <p class='ocr_par' dir='ltr' id='par_1_4' title="bbox 772 535 2336 609">
     <span class='ocr_line' id='line_1_4' title="bbox 772 535 2336 609; baseline -0.005 -18"><span class='ocrx_word' id='word_1_9' title='bbox 772 542 875 594; x_wconf 85' lang='lat' dir='ltr'><strong>sub</strong></span> <span class='ocrx_word' id='word_1_10' title='bbox 904 547 1227 609; x_wconf 79' lang='lat' dir='ltr'><strong>potestatem</strong></span> <span class='ocrx_word' id='word_1_11' title='bbox 1264 536 1499 592; x_wconf 61' lang='lat' dir='ltr'><strong>Satanas.</strong></span> <span class='ocrx_word' id='word_1_12' title='bbox 1537 557 1554 587; x_wconf 75' lang='grc' dir='ltr'><strong>ι</strong></span> <span class='ocrx_word' id='word_1_13' title='bbox 1608 535 1922 591; x_wconf 83' lang='lat' dir='ltr'><strong>Glorilicate</strong></span> <span class='ocrx_word' id='word_1_14' title='bbox 1949 538 2058 607; x_wconf 91' lang='lat' dir='ltr'><strong>jam</strong></span> <span class='ocrx_word' id='word_1_15' title='bbox 2091 537 2283 590; x_wconf 88' lang='lat' dir='ltr'><strong>Deum.</strong></span> <span class='ocrx_word' id='word_1_16' title='bbox 2333 551 2336 583; x_wconf 67' lang='grc' dir='ltr'><strong>ι</strong></span> 
     </span>
    </p>
   </div>
   <div class='ocr_carea' id='block_1_5' title="bbox 2439 533 4051 609">
    <p class='ocr_par' dir='ltr' id='par_1_5' title="bbox 2467 533 4051 606">
     <span class='ocr_line' id='line_1_5' title="bbox 2467 533 4051 606; baseline 0.005 -21"><span class='ocrx_word' id='word_1_17' title='bbox 2467 550 2593 586; x_wconf 85' lang='grc' dir='ltr'>σατε</span> <span class='ocrx_word' id='word_1_18' title='bbox 2640 533 2705 603; x_wconf 84' lang='grc' dir='ltr'><strong>δὴ</strong></span> <span class='ocrx_word' id='word_1_19' title='bbox 2757 535 2849 588; x_wconf 80' lang='grc' dir='ltr'><strong>τὸν</strong></span> <span class='ocrx_word' id='word_1_20' title='bbox 2885 536 3040 588; x_wconf 82' lang='grc' dir='ltr'>Θεόν.</span> <span class='ocrx_word' id='word_1_21' title='bbox 3092 553 3110 585; x_wconf 81' lang='lat' dir='ltr'><strong>s</strong></span> <span class='ocrx_word' id='word_1_22' title='bbox 3181 534 3336 589; x_wconf 74' lang='grc' dir='ltr'><strong>Ἐπεὶ</strong></span> <span class='ocrx_word' id='word_1_23' title='bbox 3388 534 3487 588; x_wconf 75' lang='grc' dir='ltr'><strong>οὖν</strong></span> <span class='ocrx_word' id='word_1_24' title='bbox 3537 536 3881 606; x_wconf 69' lang='grc' dir='ltr'><strong>ἠγοράσθητε</strong></span> <span class='ocrx_word' id='word_1_25' title='bbox 3936 542 4051 593; x_wconf 73' lang='grc' dir='ltr'><strong>ὑπὸ</strong></span> 
     </span>
    </p>
   </div>
   <div class='ocr_carea' id='block_1_6' title="bbox 768 624 2336 697">
    <p class='ocr_par' dir='ltr' id='par_1_6' title="bbox 768 624 2336 696">
     <span class='ocr_line' id='line_1_6' title="bbox 768 624 2336 696; baseline -0.004 -14"><span class='ocrx_word' id='word_1_26' title='bbox 768 627 1220 696; x_wconf 74' lang='lat' dir='ltr'><strong>Quandoquidem</strong></span> <span class='ocrx_word' id='word_1_27' title='bbox 1252 627 1421 695; x_wconf 90' lang='lat' dir='ltr'><strong>empti</strong></span> <span class='ocrx_word' id='word_1_28' title='bbox 1458 626 1591 680; x_wconf 91' lang='lat' dir='ltr'><strong>estis</strong></span> <span class='ocrx_word' id='word_1_29' title='bbox 1616 641 1644 678; x_wconf 90' lang='lat' dir='ltr'><strong>a</strong></span> <span class='ocrx_word' id='word_1_30' title='bbox 1672 627 1805 689; x_wconf 85' lang='lat' dir='ltr'><strong>Deo,</strong></span> <span class='ocrx_word' id='word_1_31' title='bbox 1838 626 2135 696; x_wconf 82' lang='lat' dir='ltr'><strong>gloriﬁcate</strong></span> <span class='ocrx_word' id='word_1_32' title='bbox 2169 624 2336 693; x_wconf 82' lang='lat' dir='ltr'><strong>ipsum</strong></span> 
     </span>
    </p>
   </div>
   <div class='ocr_carea' id='block_1_7' title="bbox 2439 624 4052 697">
    <p class='ocr_par' dir='ltr' id='par_1_7' title="bbox 2452 624 4052 697">
     <span class='ocr_line' id='line_1_7' title="bbox 2452 624 4052 697; baseline 0.004 -20"><span class='ocrx_word' id='word_1_33' title='bbox 2452 624 2611 689; x_wconf 87' lang='grc' dir='ltr'>Θεοῦ,</span> <span class='ocrx_word' id='word_1_34' title='bbox 2644 625 2906 689; x_wconf 77' lang='grc' dir='ltr'>δοξάσατε</span> <span class='ocrx_word' id='word_1_35' title='bbox 2942 628 3105 680; x_wconf 65' lang='grc' dir='ltr'>αὐτον</span> <span class='ocrx_word' id='word_1_36' title='bbox 3133 626 3221 679; x_wconf 76' lang='grc' dir='ltr'>διὰ</span> <span class='ocrx_word' id='word_1_37' title='bbox 3250 628 3501 696; x_wconf 81' lang='grc' dir='ltr'>χρηστῶν</span> <span class='ocrx_word' id='word_1_38' title='bbox 3534 628 4052 697; x_wconf 65' lang='grc' dir='ltr'>πράξεωνΛὊπως</span> 
     </span>
    </p>
   </div>
   <div class='ocr_carea' id='block_1_8' title="bbox 770 717 2336 790">
    <p class='ocr_par' dir='ltr' id='par_1_8' title="bbox 770 717 2336 790">
     <span class='ocr_line' id='line_1_8' title="bbox 770 717 2336 790; baseline -0.003 -17"><span class='ocrx_word' id='word_1_39' title='bbox 770 736 868 790; x_wconf 86' lang='lat' dir='ltr'><strong>per</strong></span> <span class='ocrx_word' id='word_1_40' title='bbox 894 720 1032 773; x_wconf 89' lang='lat' dir='ltr'><strong>bona</strong></span> <span class='ocrx_word' id='word_1_41' title='bbox 1056 733 1240 787; x_wconf 87' lang='lat' dir='ltr'><strong>opera.</strong></span> <span class='ocrx_word' id='word_1_42' title='bbox 1276 718 1362 771; x_wconf 83' lang='lat' dir='ltr'><strong>Ait</strong></span> <span class='ocrx_word' id='word_1_43' title='bbox 1381 720 1527 771; x_wconf 90' lang='lat' dir='ltr'><strong>enim</strong></span> <span class='ocrx_word' id='word_1_44' title='bbox 1558 736 1569 769; x_wconf 78' lang='grc' dir='ltr'><strong>ε</strong></span> <span class='ocrx_word' id='word_1_45' title='bbox 1600 736 1616 769; x_wconf 78' lang='grc' dir='ltr'><strong>ι</strong></span> <span class='ocrx_word' id='word_1_46' title='bbox 1651 718 1723 773; x_wconf 86' lang='lat' dir='ltr'><strong>Ut</strong></span> <span class='ocrx_word' id='word_1_47' title='bbox 1748 718 1996 772; x_wconf 79' lang='lat' dir='ltr'><strong>videntes</strong></span> <span class='ocrx_word' id='word_1_48' title='bbox 2016 717 2157 770; x_wconf 91' lang='lat' dir='ltr'><strong>bona</strong></span> <span class='ocrx_word' id='word_1_49' title='bbox 2182 731 2336 786; x_wconf 80' lang='lat' dir='ltr'><strong>opera</strong></span> 
     </span>
    </p>
   </div>
   <div class='ocr_carea' id='block_1_9' title="bbox 2439 717 4045 790">
    <p class='ocr_par' dir='ltr' id='par_1_9' title="bbox 2450 717 4045 790">
     <span class='ocr_line' id='line_1_9' title="bbox 2450 717 4045 790; baseline 0.004 -22"><span class='ocrx_word' id='word_1_50' title='bbox 2450 717 2579 786; x_wconf 72' lang='grc' dir='ltr'>γὰρ,</span> <span class='ocrx_word' id='word_1_51' title='bbox 2624 720 2811 788; x_wconf 61' lang='grc' dir='ltr'>φησιν,</span> <span class='ocrx_word' id='word_1_52' title='bbox 2861 719 3095 790; x_wconf 81' lang='grc' dir='ltr'>ὁρῶντες</span> <span class='ocrx_word' id='word_1_53' title='bbox 3126 720 3193 771; x_wconf 77' lang='grc' dir='ltr'>τὰ</span> <span class='ocrx_word' id='word_1_54' title='bbox 3226 718 3367 772; x_wconf 76' lang='grc' dir='ltr'>καλὰ</span> <span class='ocrx_word' id='word_1_55' title='bbox 3390 719 3545 787; x_wconf 83' lang='grc' dir='ltr'>ὑμῶν</span> <span class='ocrx_word' id='word_1_56' title='bbox 3574 719 3732 789; x_wconf 77' lang='grc' dir='ltr'>ἔργα,</span> <span class='ocrx_word' id='word_1_57' title='bbox 3770 722 4045 785; x_wconf 73' lang='grc' dir='ltr'>δοξάσωσι</span> 
     </span>
    </p>
   </div>
   <div class='ocr_carea' id='block_1_10' title="bbox 776 809 2339 889">
    <p class='ocr_par' dir='ltr' id='par_1_10' title="bbox 776 809 2339 889">
     <span class='ocr_line' id='line_1_10' title="bbox 776 809 2339 889; baseline -0.004 -24"><span class='ocrx_word' id='word_1_58' title='bbox 776 821 956 889; x_wconf 78' lang='lat' dir='ltr'><strong>_\&#39;estra</strong></span> <span class='ocrx_word' id='word_1_59' title='bbox 975 810 1506 878; x_wconf 74' lang='lat' dir='ltr'><strong>gloriﬁcentPatrt-m</strong></span> <span class='ocrx_word' id='word_1_60' title='bbox 1521 819 1763 864; x_wconf 87' lang='lat' dir='ltr'><strong>vestrum</strong></span> <span class='ocrx_word' id='word_1_61' title='bbox 1782 810 1875 879; x_wconf 90' lang='lat' dir='ltr'><strong>qui</strong></span> <span class='ocrx_word' id='word_1_62' title='bbox 1906 810 1959 863; x_wconf 91' lang='lat' dir='ltr'><strong>in</strong></span> <span class='ocrx_word' id='word_1_63' title='bbox 1985 809 2139 864; x_wconf 70' lang='lat' dir='ltr'><strong>cmlis</strong></span> <span class='ocrx_word' id='word_1_64' title='bbox 2154 809 2309 862; x_wconf 74' lang='lat' dir='ltr'><strong>est”.</strong></span> <span class='ocrx_word' id='word_1_65' title='bbox 2324 827 2339 857; x_wconf 80' lang='grc' dir='ltr'><strong>ι</strong></span> 
     </span>
    </p>
   </div>
   <div class='ocr_carea' id='block_1_11' title="bbox 770 895 2346 972">
    <p class='ocr_par' dir='ltr' id='par_1_11' title="bbox 770 895 2346 972">
     <span class='ocr_line' id='line_1_11' title="bbox 770 895 2346 972; baseline 0.001 -21"><span class='ocrx_word' id='word_1_66' title='bbox 770 895 836 944; x_wconf 86' lang='grc'><strong>’-</strong></span> <span class='ocrx_word' id='word_1_67' title='bbox 866 921 884 951; x_wconf 83' lang='grc'><strong><em>‹</em></strong></span> <span class='ocrx_word' id='word_1_68' title='bbox 908 904 973 955; x_wconf 87' lang='lat' dir='ltr'><strong>Et</strong></span> <span class='ocrx_word' id='word_1_69' title='bbox 992 903 1046 955; x_wconf 93' lang='lat' dir='ltr'><strong>in</strong></span> <span class='ocrx_word' id='word_1_70' title='bbox 1079 902 1276 972; x_wconf 82' lang='lat' dir='ltr'><strong>spiritu</strong></span> <span class='ocrx_word' id='word_1_71' title='bbox 1299 910 1501 956; x_wconf 88' lang='lat' dir='ltr'><strong>vestro.</strong></span> <span class='ocrx_word' id='word_1_72' title='bbox 1537 923 1553 955; x_wconf 76' lang='grc' dir='ltr'><strong>ι</strong></span> <span class='ocrx_word' id='word_1_73' title='bbox 1580 903 1900 957; x_wconf 85' lang='lat' dir='ltr'><strong>llocdicens</strong></span> <span class='ocrx_word' id='word_1_74' title='bbox 1929 902 2176 956; x_wconf 87' lang='lat' dir='ltr'><strong>ostendit</strong></span> <span class='ocrx_word' id='word_1_75' title='bbox 2199 899 2346 969; x_wconf 91' lang='lat' dir='ltr'><strong>quod</strong></span> 
     </span>
    </p>
   </div>
   <div class='ocr_carea' id='block_1_12' title="bbox 770 992 2349 1064">
    <p class='ocr_par' dir='ltr' id='par_1_12' title="bbox 770 992 2349 1064">
     <span class='ocr_line' id='line_1_12' title="bbox 770 992 2349 1064; baseline 0.001 -19"><span class='ocrx_word' id='word_1_76' title='bbox 770 1009 876 1046; x_wconf 88' lang='lat' dir='ltr'><strong>non</strong></span> <span class='ocrx_word' id='word_1_77' title='bbox 901 994 1019 1048; x_wconf 92' lang='lat' dir='ltr'><strong>solo</strong></span> <span class='ocrx_word' id='word_1_78' title='bbox 1042 1010 1276 1063; x_wconf 91' lang='lat' dir='ltr'><strong>corpore</strong></span> <span class='ocrx_word' id='word_1_79' title='bbox 1305 994 1495 1064; x_wconf 79' lang='lat' dir='ltr'><strong>fugere</strong></span> <span class='ocrx_word' id='word_1_80' title='bbox 1526 1004 1779 1064; x_wconf 87' lang='lat' dir='ltr'><strong>oporteat</strong></span> <span class='ocrx_word' id='word_1_81' title='bbox 1811 1003 2087 1064; x_wconf 88' lang='lat' dir='ltr'><strong>stuprum,</strong></span> <span class='ocrx_word' id='word_1_82' title='bbox 2153 992 2247 1047; x_wconf 86' lang='lat' dir='ltr'><strong>sed</strong></span> <span class='ocrx_word' id='word_1_83' title='bbox 2293 1002 2349 1047; x_wconf 82' lang='lat' dir='ltr'><strong>et</strong></span> 
     </span>
    </p>
   </div>
   <div class='ocr_carea' id='block_1_13' title="bbox 767 1084 2342 1156">
    <p class='ocr_par' dir='ltr' id='par_1_13' title="bbox 767 1084 2342 1156">
     <span class='ocr_line' id='line_1_13' title="bbox 767 1084 2342 1156; baseline 0.001 -19"><span class='ocrx_word' id='word_1_84' title='bbox 767 1084 985 1153; x_wconf 83' lang='lat' dir='ltr'><strong>spiritu,</strong></span> <span class='ocrx_word' id='word_1_85' title='bbox 1018 1086 1069 1138; x_wconf 89' lang='lat' dir='ltr'><strong>id</strong></span> <span class='ocrx_word' id='word_1_86' title='bbox 1096 1094 1199 1149; x_wconf 91' lang='lat' dir='ltr'><strong>est,</strong></span> <span class='ocrx_word' id='word_1_87' title='bbox 1222 1086 1402 1140; x_wconf 84' lang='lat' dir='ltr'><strong>anima</strong></span> <span class='ocrx_word' id='word_1_88' title='bbox 1429 1103 1443 1141; x_wconf 87' lang='lat'><strong>:</strong></span> <span class='ocrx_word' id='word_1_89' title='bbox 1483 1095 1541 1140; x_wconf 92' lang='lat' dir='ltr'><strong>ut</strong></span> <span class='ocrx_word' id='word_1_90' title='bbox 1562 1102 1740 1156; x_wconf 91' lang='lat' dir='ltr'><strong>neque</strong></span> <span class='ocrx_word' id='word_1_91' title='bbox 1766 1096 1949 1140; x_wconf 88' lang='lat' dir='ltr'><strong>mente</strong></span> <span class='ocrx_word' id='word_1_92' title='bbox 1972 1086 2063 1139; x_wconf 85' lang='lat' dir='ltr'><strong>liat</strong></span> <span class='ocrx_word' id='word_1_93' title='bbox 2090 1085 2342 1155; x_wconf 87' lang='lat' dir='ltr'><strong>pollutio.</strong></span> 
     </span>
    </p>
   </div>
   <div class='ocr_carea' id='block_1_14' title="bbox 764 1176 2344 1247">
    <p class='ocr_par' dir='ltr' id='par_1_14' title="bbox 764 1176 2344 1247">
     <span class='ocr_line' id='line_1_14' title="bbox 764 1176 2344 1247; baseline 0.002 -19"><span class='ocrx_word' id='word_1_94' title='bbox 764 1177 853 1229; x_wconf 78' lang='lat' dir='ltr'><strong>Ait</strong></span> <span class='ocrx_word' id='word_1_95' title='bbox 896 1178 1040 1229; x_wconf 75' lang='lat' dir='ltr'><strong>enim</strong></span> <span class='ocrx_word' id='word_1_96' title='bbox 1091 1193 1104 1230; x_wconf 93' lang='lat'><strong>:</strong></span> <span class='ocrx_word' id='word_1_97' title='bbox 1146 1194 1163 1228; x_wconf 76' lang='grc' dir='ltr'><strong>ι</strong></span> <span class='ocrx_word' id='word_1_98' title='bbox 1231 1177 1557 1247; x_wconf 85' lang='lat' dir='ltr'><strong>Quicunque</strong></span> <span class='ocrx_word' id='word_1_99' title='bbox 1608 1178 1884 1247; x_wconf 78' lang='lat' dir='ltr'><strong>aspexerit</strong></span> <span class='ocrx_word' id='word_1_100' title='bbox 1945 1177 2238 1232; x_wconf 86' lang='lat' dir='ltr'><strong>mulierem</strong></span> <span class='ocrx_word' id='word_1_101' title='bbox 2278 1176 2344 1231; x_wconf 89' lang='lat' dir='ltr'><strong>ad</strong></span> 
     </span>
    </p>
   </div>
   <div class='ocr_carea' id='block_1_15' title="bbox 764 1269 2345 1339">
    <p class='ocr_par' dir='ltr' id='par_1_15' title="bbox 764 1269 2345 1339">
     <span class='ocr_line' id='line_1_15' title="bbox 764 1269 2345 1339; baseline 0 -18"><span class='ocrx_word' id='word_1_102' title='bbox 764 1269 1416 1339; x_wconf 61' lang='lat' dir='ltr'><strong>conveniscendumJam</strong></span> <span class='ocrx_word' id='word_1_103' title='bbox 1447 1284 1570 1323; x_wconf 92' lang='lat' dir='ltr'><strong>cum</strong></span> <span class='ocrx_word' id='word_1_104' title='bbox 1600 1285 1662 1324; x_wconf 87' lang='lat' dir='ltr'><strong>ea</strong></span> <span class='ocrx_word' id='word_1_105' title='bbox 1708 1270 2040 1325; x_wconf 86' lang='lat' dir='ltr'><strong>adulterium</strong></span> <span class='ocrx_word' id='word_1_106' title='bbox 2069 1270 2345 1325; x_wconf 87' lang='lat' dir='ltr'><strong>commisit</strong></span> 
     </span>
    </p>
   </div>
   <div class='ocr_carea' id='block_1_16' title="bbox 765 1361 2345 1432">
    <p class='ocr_par' dir='ltr' id='par_1_16' title="bbox 765 1361 2345 1432">
     <span class='ocr_line' id='line_1_16' title="bbox 765 1361 2345 1432; baseline 0.002 -18"><span class='ocrx_word' id='word_1_107' title='bbox 765 1361 1021 1427; x_wconf 51' lang='lat' dir='ltr'><strong>inre-fde</strong></span> <span class='ocrx_word' id='word_1_108' title='bbox 1050 1378 1150 1417; x_wconf 92' lang='lat' dir='ltr'><strong>suo</strong></span> <span class='ocrx_word' id='word_1_109' title='bbox 1188 1363 1252 1415; x_wconf 79' lang='grc'>’³.</span> <span class='ocrx_word' id='word_1_110' title='bbox 1282 1381 1299 1413; x_wconf 74' lang='grc' dir='ltr'><strong>ι</strong></span> <span class='ocrx_word' id='word_1_111' title='bbox 1362 1380 1380 1413; x_wconf 78' lang='grc' dir='ltr'><strong>ι</strong></span> <span class='ocrx_word' id='word_1_112' title='bbox 1414 1361 1545 1428; x_wconf 63' lang='lat' dir='ltr'><strong>Quae</strong></span> <span class='ocrx_word' id='word_1_113' title='bbox 1605 1373 1734 1418; x_wconf 87' lang='lat' dir='ltr'><strong>sunt</strong></span> <span class='ocrx_word' id='word_1_114' title='bbox 1786 1364 1903 1417; x_wconf 88' lang='lat' dir='ltr'><strong>Dei.</strong></span> <span class='ocrx_word' id='word_1_115' title='bbox 1952 1383 1968 1415; x_wconf 77' lang='grc' dir='ltr'><strong>ι</strong></span> <span class='ocrx_word' id='word_1_116' title='bbox 2004 1364 2345 1432; x_wconf 84' lang='lat' dir='ltr'><strong>Frequenter</strong></span> 
     </span>
    </p>
   </div>
   <div class='ocr_carea' id='block_1_17' title="bbox 763 1453 2339 1525">
    <p class='ocr_par' dir='ltr' id='par_1_17' title="bbox 763 1453 2339 1525">
     <span class='ocr_line' id='line_1_17' title="bbox 763 1453 2339 1525; baseline 0.004 -22"><span class='ocrx_word' id='word_1_117' title='bbox 763 1454 826 1505; x_wconf 87' lang='lat' dir='ltr'><strong>ad</strong></span> <span class='ocrx_word' id='word_1_118' title='bbox 848 1454 1167 1507; x_wconf 88' lang='lat' dir='ltr'><strong>memoriam</strong></span> <span class='ocrx_word' id='word_1_119' title='bbox 1201 1453 1417 1509; x_wconf 91' lang='lat' dir='ltr'><strong>reducit</strong></span> <span class='ocrx_word' id='word_1_120' title='bbox 1438 1454 1586 1525; x_wconf 90' lang='lat' dir='ltr'><strong>quod</strong></span> <span class='ocrx_word' id='word_1_121' title='bbox 1612 1471 1722 1508; x_wconf 91' lang='lat' dir='ltr'><strong>non</strong></span> <span class='ocrx_word' id='word_1_122' title='bbox 1754 1456 1930 1509; x_wconf 87' lang='lat' dir='ltr'><strong>simus</strong></span> <span class='ocrx_word' id='word_1_123' title='bbox 1953 1455 2130 1508; x_wconf 86' lang='lat' dir='ltr'><strong>nostri</strong></span> <span class='ocrx_word' id='word_1_124' title='bbox 2171 1456 2339 1525; x_wconf 86' lang='lat' dir='ltr'><strong>juris,</strong></span> 
     </span>
    </p>
   </div>
   <div class='ocr_carea' id='block_1_18' title="bbox 763 1545 2343 1613">
    <p class='ocr_par' dir='ltr' id='par_1_18' title="bbox 763 1545 2343 1613">
     <span class='ocr_line' id='line_1_18' title="bbox 763 1545 2343 1613; baseline 0.001 -14"><span class='ocrx_word' id='word_1_125' title='bbox 763 1545 860 1599; x_wconf 80' lang='lat' dir='ltr'><strong>sed</strong></span> <span class='ocrx_word' id='word_1_126' title='bbox 911 1546 1013 1599; x_wconf 89' lang='lat' dir='ltr'><strong>sub</strong></span> <span class='ocrx_word' id='word_1_127' title='bbox 1049 1546 1283 1601; x_wconf 91' lang='lat' dir='ltr'><strong>Domino</strong></span> <span class='ocrx_word' id='word_1_128' title='bbox 1322 1548 1514 1601; x_wconf 91' lang='lat' dir='ltr'><strong>simus.</strong></span> <span class='ocrx_word' id='word_1_129' title='bbox 1561 1547 1675 1601; x_wconf 87' lang='lat' dir='ltr'><strong>Hoc</strong></span> <span class='ocrx_word' id='word_1_130' title='bbox 1710 1547 1952 1603; x_wconf 81' lang='lat' dir='ltr'><strong>indicat:</strong></span> <span class='ocrx_word' id='word_1_131' title='bbox 1994 1566 2013 1599; x_wconf 75' lang='grc' dir='ltr'><strong>ι</strong></span> <span class='ocrx_word' id='word_1_132' title='bbox 2046 1546 2178 1613; x_wconf 65' lang='lat' dir='ltr'><strong>Quae</strong></span> <span class='ocrx_word' id='word_1_133' title='bbox 2213 1556 2343 1601; x_wconf 90' lang='lat' dir='ltr'><strong>sunt</strong></span> 
     </span>
    </p>
   </div>
   <div class='ocr_carea' id='block_1_19' title="bbox 763 1637 1634 1708">
    <p class='ocr_par' dir='ltr' id='par_1_19' title="bbox 763 1637 1634 1708">
     <span class='ocr_line' id='line_1_19' title="bbox 763 1637 1634 1708; baseline 0.001 -18"><span class='ocrx_word' id='word_1_134' title='bbox 763 1637 879 1703; x_wconf 84' lang='lat' dir='ltr'><strong>Dei,</strong></span> <span class='ocrx_word' id='word_1_135' title='bbox 922 1657 937 1689; x_wconf 74' lang='grc' dir='ltr'><strong>ι</strong></span> <span class='ocrx_word' id='word_1_136' title='bbox 976 1648 1161 1693; x_wconf 90' lang='lat' dir='ltr'><strong>etnon</strong></span> <span class='ocrx_word' id='word_1_137' title='bbox 1203 1639 1361 1693; x_wconf 80' lang='lat' dir='ltr'><strong>vobis</strong></span> <span class='ocrx_word' id='word_1_138' title='bbox 1391 1639 1634 1708; x_wconf 83' lang='lat' dir='ltr'><strong>prOpria.</strong></span> 
     </span>
    </p>
   </div>
   <div class='ocr_carea' id='block_1_20' title="bbox 1363 1774 1723 1829">
    <p class='ocr_par' dir='ltr' id='par_1_20' title="bbox 1363 1774 1723 1829">
     <span class='ocr_line' id='line_1_20' title="bbox 1363 1774 1723 1829; baseline -0.003 -1"><span class='ocrx_word' id='word_1_139' title='bbox 1363 1774 1592 1829; x_wconf 80' lang='lat' dir='ltr'><strong>CAPUT</strong></span> <span class='ocrx_word' id='word_1_140' title='bbox 1634 1775 1723 1828; x_wconf 81' lang='grc' dir='ltr'><strong>ιν.</strong></span> 
     </span>
    </p>
   </div>
   <div class='ocr_carea' id='block_1_21' title="bbox 932 1888 2158 1959">
    <p class='ocr_par' dir='ltr' id='par_1_21' title="bbox 932 1888 2158 1959">
     <span class='ocr_line' id='line_1_21' title="bbox 932 1888 2158 1959; baseline -0.002 -16"><span class='ocrx_word' id='word_1_141' title='bbox 932 1888 1095 1959; x_wconf 66' lang='grc'><strong>475</strong></span> <span class='ocrx_word' id='word_1_142' title='bbox 1128 1888 1202 1942; x_wconf 84' lang='lat' dir='ltr'><strong>De</strong></span> <span class='ocrx_word' id='word_1_143' title='bbox 1234 1890 1431 1958; x_wconf 79' lang='lat' dir='ltr'><strong>nuptiis</strong></span> <span class='ocrx_word' id='word_1_144' title='bbox 1459 1898 1507 1941; x_wconf 89' lang='lat' dir='ltr'><strong>et</strong></span> <span class='ocrx_word' id='word_1_145' title='bbox 1538 1890 1791 1942; x_wconf 70' lang='lat' dir='ltr'><strong>viduitate</strong></span> <span class='ocrx_word' id='word_1_146' title='bbox 1812 1904 1873 1940; x_wconf 87' lang='lat' dir='ltr'><strong>ac</strong></span> <span class='ocrx_word' id='word_1_147' title='bbox 1896 1888 2158 1942; x_wconf 77' lang='lat' dir='ltr'><strong>caelibatu.</strong></span> 
     </span>
    </p>
   </div>
   <div class='ocr_carea' id='block_1_22' title="bbox 828 1997 2333 2066">
    <p class='ocr_par' dir='ltr' id='par_1_22' title="bbox 828 1997 2333 2066">
     <span class='ocr_line' id='line_1_22' title="bbox 828 1997 2333 2066; baseline -0.001 -16"><span class='ocrx_word' id='word_1_148' title='bbox 828 1999 940 2063; x_wconf 69' lang='lat' dir='ltr'><strong>VII,</strong></span> <span class='ocrx_word' id='word_1_149' title='bbox 979 1999 1027 2063; x_wconf 72' lang='lat' dir='ltr'><strong>i,</strong></span> <span class='ocrx_word' id='word_1_150' title='bbox 1065 2000 1117 2053; x_wconf 72' lang='grc'>4.</span> <span class='ocrx_word' id='word_1_151' title='bbox 1146 1998 1408 2051; x_wconf 71' lang='lat' dir='ltr'><strong>Creterum</strong></span> <span class='ocrx_word' id='word_1_152' title='bbox 1432 2000 1493 2049; x_wconf 88' lang='lat' dir='ltr'><strong>de</strong></span> <span class='ocrx_word' id='word_1_153' title='bbox 1515 1998 1697 2066; x_wconf 87' lang='lat' dir='ltr'><strong>quibus</strong></span> <span class='ocrx_word' id='word_1_154' title='bbox 1727 1999 2007 2066; x_wconf 76' lang='lat' dir='ltr'><strong>scripsistis</strong></span> <span class='ocrx_word' id='word_1_155' title='bbox 2032 1998 2179 2059; x_wconf 85' lang='lat' dir='ltr'><strong>mihi,</strong></span> <span class='ocrx_word' id='word_1_156' title='bbox 2212 1997 2333 2066; x_wconf 82' lang='lat' dir='ltr'><strong>pul-</strong></span> 
     </span>
    </p>
   </div>
   <div class='ocr_carea' id='block_1_23' title="bbox 756 2089 2333 2158">
    <p class='ocr_par' dir='ltr' id='par_1_23' title="bbox 756 2089 2333 2158">
     <span class='ocr_line' id='line_1_23' title="bbox 756 2089 2333 2158; baseline -0.001 -17"><span class='ocrx_word' id='word_1_157' title='bbox 756 2091 937 2143; x_wconf 86' lang='lat' dir='ltr'><strong>chrum</strong></span> <span class='ocrx_word' id='word_1_158' title='bbox 977 2101 1051 2143; x_wconf 89' lang='lat' dir='ltr'><strong>est</strong></span> <span class='ocrx_word' id='word_1_159' title='bbox 1090 2092 1288 2143; x_wconf 89' lang='lat' dir='ltr'><strong>homini</strong></span> <span class='ocrx_word' id='word_1_160' title='bbox 1320 2089 1589 2143; x_wconf 75' lang='lat' dir='ltr'><strong>mulierem</strong></span> <span class='ocrx_word' id='word_1_161' title='bbox 1632 2108 1733 2142; x_wconf 89' lang='lat' dir='ltr'><strong>non</strong></span> <span class='ocrx_word' id='word_1_162' title='bbox 1770 2091 2052 2158; x_wconf 77' lang='lat' dir='ltr'><strong>attingere.</strong></span> <span class='ocrx_word' id='word_1_163' title='bbox 2086 2089 2333 2142; x_wconf 80' lang='lat' dir='ltr'><strong>Attamen</strong></span> 
     </span>
    </p>
   </div>
   <div class='ocr_carea' id='block_1_24' title="bbox 757 2182 2332 2252">
    <p class='ocr_par' dir='ltr' id='par_1_24' title="bbox 757 2182 2332 2252">
     <span class='ocr_line' id='line_1_24' title="bbox 757 2182 2332 2252; baseline 0.001 -20"><span class='ocrx_word' id='word_1_164' title='bbox 757 2191 972 2251; x_wconf 86' lang='lat' dir='ltr'><strong>prapter</strong></span> <span class='ocrx_word' id='word_1_165' title='bbox 1001 2193 1188 2252; x_wconf 85' lang='lat' dir='ltr'><strong>stupra</strong></span> <span class='ocrx_word' id='word_1_166' title='bbox 1230 2182 1471 2245; x_wconf 70' lang='lat' dir='ltr'><strong>vitanda,</strong></span> <span class='ocrx_word' id='word_1_167' title='bbox 1509 2199 1663 2235; x_wconf 85' lang='lat' dir='ltr'><strong>suam</strong></span> <span class='ocrx_word' id='word_1_168' title='bbox 1707 2184 1925 2252; x_wconf 86' lang='lat' dir='ltr'><strong>quisque</strong></span> <span class='ocrx_word' id='word_1_169' title='bbox 1967 2198 2183 2235; x_wconf 75' lang='lat' dir='ltr'><strong>uxorem</strong></span> <span class='ocrx_word' id='word_1_170' title='bbox 2232 2182 2332 2234; x_wconf 90' lang='lat' dir='ltr'><strong>ha-</strong></span> 
     </span>
    </p>
   </div>
   <div class='ocr_carea' id='block_1_25' title="bbox 756 2273 2332 2344">
    <p class='ocr_par' dir='ltr' id='par_1_25' title="bbox 756 2273 2332 2344">
     <span class='ocr_line' id='line_1_25' title="bbox 756 2273 2332 2344; baseline 0.001 -20"><span class='ocrx_word' id='word_1_171' title='bbox 756 2273 895 2336; x_wconf 87' lang='lat' dir='ltr'><strong>beat,</strong></span> <span class='ocrx_word' id='word_1_172' title='bbox 931 2284 979 2326; x_wconf 87' lang='lat' dir='ltr'><strong>et</strong></span> <span class='ocrx_word' id='word_1_173' title='bbox 1013 2291 1168 2327; x_wconf 86' lang='lat' dir='ltr'><strong>suum</strong></span> <span class='ocrx_word' id='word_1_174' title='bbox 1214 2290 1441 2344; x_wconf 15' lang='lat' dir='ltr'><strong>qumque,</strong></span> <span class='ocrx_word' id='word_1_175' title='bbox 1471 2276 1639 2327; x_wconf 72' lang='lat' dir='ltr'><strong>virum</strong></span> <span class='ocrx_word' id='word_1_176' title='bbox 1673 2275 1881 2326; x_wconf 82' lang='lat' dir='ltr'><strong>habeat.</strong></span> <span class='ocrx_word' id='word_1_177' title='bbox 1920 2274 2080 2327; x_wconf 75' lang='lat' dir='ltr'><strong>Uxori</strong></span> <span class='ocrx_word' id='word_1_178' title='bbox 2123 2275 2203 2326; x_wconf 80' lang='lat' dir='ltr'><strong>vir</strong></span> <span class='ocrx_word' id='word_1_179' title='bbox 2241 2273 2332 2326; x_wconf 88' lang='lat' dir='ltr'><strong>de-</strong></span> 
     </span>
    </p>
   </div>
   <div class='ocr_carea' id='block_1_26' title="bbox 756 2361 2334 2415">
    <p class='ocr_par' dir='ltr' id='par_1_26' title="bbox 756 2361 2334 2415">
     <span class='ocr_line' id='line_1_26' title="bbox 756 2361 2334 2415; baseline 0.001 -1"><span class='ocrx_word' id='word_1_180' title='bbox 756 2361 921 2414; x_wconf 83' lang='lat' dir='ltr'><strong>bitam</strong></span> <span class='ocrx_word' id='word_1_181' title='bbox 947 2363 1132 2414; x_wconf 83' lang='lat' dir='ltr'><strong>reddat</strong></span> <span class='ocrx_word' id='word_1_182' title='bbox 1160 2362 1570 2415; x_wconf 78' lang='lat' dir='ltr'><strong>benevolentiam</strong></span> <span class='ocrx_word' id='word_1_183' title='bbox 1596 2378 1613 2415; x_wconf 90' lang='lat'><strong><em>:</em></strong></span> <span class='ocrx_word' id='word_1_184' title='bbox 1641 2363 1887 2415; x_wconf 82' lang='lat' dir='ltr'><strong>similiter</strong></span> <span class='ocrx_word' id='word_1_185' title='bbox 1922 2372 2097 2415; x_wconf 88' lang='lat' dir='ltr'><strong>autem</strong></span> <span class='ocrx_word' id='word_1_186' title='bbox 2122 2370 2169 2414; x_wconf 90' lang='lat' dir='ltr'><strong>ct</strong></span> <span class='ocrx_word' id='word_1_187' title='bbox 2201 2379 2334 2415; x_wconf 68' lang='lat' dir='ltr'><strong>uxor</strong></span> 
     </span>
    </p>
   </div>
   <div class='ocr_carea' id='block_1_27' title="bbox 756 2435 2329 2523">
    <p class='ocr_par' dir='ltr' id='par_1_27' title="bbox 756 2435 2329 2523">
     <span class='ocr_line' id='line_1_27' title="bbox 756 2435 2329 2523; baseline 0.001 -17"><span class='ocrx_word' id='word_1_188' title='bbox 756 2452 885 2506; x_wconf 63' lang='lat' dir='ltr'><strong>viro.</strong></span> <span class='ocrx_word' id='word_1_189' title='bbox 923 2450 1065 2506; x_wconf 70' lang='lat' dir='ltr'><strong>Uxor</strong></span> <span class='ocrx_word' id='word_1_190' title='bbox 1097 2435 1299 2523; x_wconf 81' lang='lat' dir='ltr'><strong>proprii</strong></span> <span class='ocrx_word' id='word_1_191' title='bbox 1346 2454 1578 2522; x_wconf 83' lang='lat' dir='ltr'><strong>corporis</strong></span> <span class='ocrx_word' id='word_1_192' title='bbox 1615 2454 1705 2522; x_wconf 85' lang='lat' dir='ltr'><strong>jus</strong></span> <span class='ocrx_word' id='word_1_193' title='bbox 1748 2468 1851 2504; x_wconf 90' lang='lat' dir='ltr'><strong>non</strong></span> <span class='ocrx_word' id='word_1_194' title='bbox 1884 2453 2059 2515; x_wconf 83' lang='lat' dir='ltr'><strong>habet,</strong></span> <span class='ocrx_word' id='word_1_195' title='bbox 2098 2453 2189 2505; x_wconf 90' lang='lat' dir='ltr'><strong>sed</strong></span> <span class='ocrx_word' id='word_1_196' title='bbox 2229 2454 2329 2508; x_wconf 86' lang='lat' dir='ltr'><strong>vir.</strong></span> 
     </span>
    </p>
   </div>
   <div class='ocr_carea' id='block_1_28' title="bbox 757 2542 2328 2617">
    <p class='ocr_par' dir='ltr' id='par_1_28' title="bbox 757 2542 2328 2617">
     <span class='ocr_line' id='line_1_28' title="bbox 757 2542 2328 2617; baseline 0.002 -22"><span class='ocrx_word' id='word_1_197' title='bbox 757 2542 1014 2597; x_wconf 83' lang='lat' dir='ltr'><strong>Similiter</strong></span> <span class='ocrx_word' id='word_1_198' title='bbox 1047 2555 1225 2599; x_wconf 83' lang='lat' dir='ltr'><strong>autem</strong></span> <span class='ocrx_word' id='word_1_199' title='bbox 1252 2555 1300 2599; x_wconf 85' lang='lat' dir='ltr'><strong>et</strong></span> <span class='ocrx_word' id='word_1_200' title='bbox 1333 2548 1410 2599; x_wconf 69' lang='lat' dir='ltr'><strong>t&#39;ir</strong></span> <span class='ocrx_word' id='word_1_201' title='bbox 1436 2548 1635 2615; x_wconf 88' lang='lat' dir='ltr'><strong>proprii</strong></span> <span class='ocrx_word' id='word_1_202' title='bbox 1664 2548 1893 2617; x_wconf 89' lang='lat' dir='ltr'><strong>corporis</strong></span> <span class='ocrx_word' id='word_1_203' title='bbox 1912 2548 2003 2616; x_wconf 87' lang='lat' dir='ltr'><strong>jus</strong></span> <span class='ocrx_word' id='word_1_204' title='bbox 2031 2564 2132 2601; x_wconf 89' lang='lat' dir='ltr'><strong>non</strong></span> <span class='ocrx_word' id='word_1_205' title='bbox 2157 2547 2328 2611; x_wconf 84' lang='lat' dir='ltr'><strong>habet,</strong></span> 
     </span>
    </p>
   </div>
   <div class='ocr_carea' id='block_1_29' title="bbox 754 2635 1033 2690">
    <p class='ocr_par' dir='ltr' id='par_1_29' title="bbox 754 2635 1033 2690">
     <span class='ocr_line' id='line_1_29' title="bbox 754 2635 1033 2690; baseline 0.011 -3"><span class='ocrx_word' id='word_1_206' title='bbox 754 2635 845 2688; x_wconf 85' lang='lat' dir='ltr'><strong>sed</strong></span> <span class='ocrx_word' id='word_1_207' title='bbox 883 2652 1033 2690; x_wconf 75' lang='lat' dir='ltr'><strong>uxor.</strong></span> 
     </span>
    </p>
   </div>
   <div class='ocr_carea' id='block_1_30' title="bbox 827 2822 2330 2895">
    <p class='ocr_par' dir='ltr' id='par_1_30' title="bbox 827 2822 2330 2895">
     <span class='ocr_line' id='line_1_30' title="bbox 827 2822 2330 2895; baseline 0.003 -18"><span class='ocrx_word' id='word_1_208' title='bbox 827 2822 1175 2892; x_wconf 87' lang='lat' dir='ltr'><strong>Scripserant</strong></span> <span class='ocrx_word' id='word_1_209' title='bbox 1225 2824 1421 2890; x_wconf 86' lang='lat' dir='ltr'><strong>Paulo,</strong></span> <span class='ocrx_word' id='word_1_210' title='bbox 1480 2832 1667 2878; x_wconf 84' lang='lat' dir='ltr'><strong>utrum</strong></span> <span class='ocrx_word' id='word_1_211' title='bbox 1698 2832 1978 2895; x_wconf 90' lang='lat' dir='ltr'><strong>oporteret</strong></span> <span class='ocrx_word' id='word_1_212' title='bbox 2032 2824 2100 2880; x_wconf 89' lang='lat' dir='ltr'><strong>ab</strong></span> <span class='ocrx_word' id='word_1_213' title='bbox 2158 2842 2330 2881; x_wconf 88' lang='lat' dir='ltr'><strong>uxore</strong></span> 
     </span>
    </p>
   </div>
   <div class='ocr_carea' id='block_1_31' title="bbox 758 2915 2328 2979">
    <p class='ocr_par' dir='ltr' id='par_1_31' title="bbox 758 2915 2328 2979">
     <span class='ocr_line' id='line_1_31' title="bbox 758 2915 2328 2979; baseline 0.003 -11"><span class='ocrx_word' id='word_1_214' title='bbox 758 2915 1059 2979; x_wconf 79' lang='lat' dir='ltr'><strong>abStinere,</strong></span> <span class='ocrx_word' id='word_1_215' title='bbox 1096 2930 1299 2969; x_wconf 85' lang='lat' dir='ltr'><strong>annon.</strong></span> <span class='ocrx_word' id='word_1_216' title='bbox 1344 2934 1362 2967; x_wconf 76' lang='grc' dir='ltr'><strong>ι</strong></span> <span class='ocrx_word' id='word_1_217' title='bbox 1412 2916 1709 2970; x_wconf 85' lang='lat' dir='ltr'><strong>Pulchrum</strong></span> <span class='ocrx_word' id='word_1_218' title='bbox 1754 2926 1837 2970; x_wconf 88' lang='lat' dir='ltr'><strong>est</strong></span> <span class='ocrx_word' id='word_1_219' title='bbox 1881 2918 2111 2974; x_wconf 87' lang='lat' dir='ltr'><strong>homini.</strong></span> <span class='ocrx_word' id='word_1_220' title='bbox 2149 2937 2167 2969; x_wconf 77' lang='grc' dir='ltr'><strong>ι</strong></span> <span class='ocrx_word' id='word_1_221' title='bbox 2200 2919 2328 2972; x_wconf 85' lang='lat' dir='ltr'><strong>Pul-</strong></span> 
     </span>
    </p>
   </div>
   <div class='ocr_carea' id='block_1_32' title="bbox 758 3007 2325 3077">
    <p class='ocr_par' dir='ltr' id='par_1_32' title="bbox 758 3007 2325 3077">
     <span class='ocr_line' id='line_1_32' title="bbox 758 3007 2325 3077; baseline 0.003 -16"><span class='ocrx_word' id='word_1_222' title='bbox 758 3008 977 3071; x_wconf 83' lang='lat' dir='ltr'><strong>chrum,</strong></span> <span class='ocrx_word' id='word_1_223' title='bbox 1032 3007 1232 3077; x_wconf 90' lang='lat' dir='ltr'><strong>inquit,</strong></span> <span class='ocrx_word' id='word_1_224' title='bbox 1273 3017 1357 3061; x_wconf 82' lang='lat' dir='ltr'><strong>est</strong></span> <span class='ocrx_word' id='word_1_225' title='bbox 1391 3016 1446 3062; x_wconf 91' lang='lat' dir='ltr'><strong>et</strong></span> <span class='ocrx_word' id='word_1_226' title='bbox 1481 3007 1743 3061; x_wconf 83' lang='lat' dir='ltr'><strong>eximium</strong></span> <span class='ocrx_word' id='word_1_227' title='bbox 1797 3018 1856 3062; x_wconf 92' lang='lat' dir='ltr'><strong>ut</strong></span> <span class='ocrx_word' id='word_1_228' title='bbox 1892 3010 2175 3065; x_wconf 87' lang='lat' dir='ltr'><strong>mulierem</strong></span> <span class='ocrx_word' id='word_1_229' title='bbox 2212 3026 2325 3065; x_wconf 90' lang='lat' dir='ltr'><strong>om-</strong></span> 
     </span>
    </p>
   </div>
   <div class='ocr_carea' id='block_1_33' title="bbox 756 3098 2328 3169">
    <p class='ocr_par' dir='ltr' id='par_1_33' title="bbox 756 3098 2328 3169">
     <span class='ocr_line' id='line_1_33' title="bbox 756 3098 2328 3169; baseline 0.003 -17"><span class='ocrx_word' id='word_1_230' title='bbox 756 3098 889 3152; x_wconf 89' lang='lat' dir='ltr'><strong>nino</strong></span> <span class='ocrx_word' id='word_1_231' title='bbox 920 3114 1029 3153; x_wconf 90' lang='lat' dir='ltr'><strong>non</strong></span> <span class='ocrx_word' id='word_1_232' title='bbox 1069 3099 1301 3168; x_wconf 79' lang='lat' dir='ltr'><strong>attingat</strong></span> <span class='ocrx_word' id='word_1_233' title='bbox 1335 3117 1347 3151; x_wconf 92' lang='lat'><strong>:</strong></span> <span class='ocrx_word' id='word_1_234' title='bbox 1385 3100 1531 3169; x_wconf 90' lang='lat' dir='ltr'><strong>quod</strong></span> <span class='ocrx_word' id='word_1_235' title='bbox 1578 3110 1759 3153; x_wconf 89' lang='lat' dir='ltr'><strong>autem</strong></span> <span class='ocrx_word' id='word_1_236' title='bbox 1795 3116 2050 3155; x_wconf 87' lang='lat' dir='ltr'><strong>securum</strong></span> <span class='ocrx_word' id='word_1_237' title='bbox 2080 3112 2163 3157; x_wconf 91' lang='lat' dir='ltr'><strong>est</strong></span> <span class='ocrx_word' id='word_1_238' title='bbox 2189 3111 2244 3156; x_wconf 91' lang='lat' dir='ltr'><strong>et</strong></span> <span class='ocrx_word' id='word_1_239' title='bbox 2273 3102 2328 3156; x_wconf 91' lang='lat' dir='ltr'><strong>in</strong></span> 
     </span>
    </p>
   </div>
   <div class='ocr_carea' id='block_1_34' title="bbox 2368 1872 2415 1930">
    <p class='ocr_par' dir='ltr' id='par_1_34' title="bbox 2368 1872 2415 1930">
     <span class='ocr_line' id='line_1_34' title="bbox 2368 1872 2415 1930; baseline 0 0"><span class='ocrx_word' id='word_1_240' title='bbox 2368 1872 2415 1930; x_wconf 84' lang='grc' dir='ltr'><strong>Β</strong></span> 
     </span>
    </p>
   </div>
   <div class='ocr_carea' id='block_1_35' title="bbox 2447 811 4036 883">
    <p class='ocr_par' dir='ltr' id='par_1_35' title="bbox 2447 811 4036 883">
     <span class='ocr_line' id='line_1_35' title="bbox 2447 811 4036 883; baseline 0.002 -21"><span class='ocrx_word' id='word_1_241' title='bbox 2447 811 2538 862; x_wconf 85' lang='grc' dir='ltr'><strong>τὸν</strong></span> <span class='ocrx_word' id='word_1_242' title='bbox 2578 812 2795 883; x_wconf 84' lang='grc' dir='ltr'>Πατέρα</span> <span class='ocrx_word' id='word_1_243' title='bbox 2832 812 2984 881; x_wconf 82' lang='grc' dir='ltr'>ὑμῶν</span> <span class='ocrx_word' id='word_1_244' title='bbox 3009 814 3098 865; x_wconf 68' lang='grc' dir='ltr'>τὸν</span> <span class='ocrx_word' id='word_1_245' title='bbox 3138 814 3327 875; x_wconf 77' lang='grc' dir='ltr'>ἐντοῖς</span> <span class='ocrx_word' id='word_1_246' title='bbox 3373 812 3783 881; x_wconf 78' lang='grc' dir='ltr'>οὐρανοῖ;.›-‹</span> <span class='ocrx_word' id='word_1_247' title='bbox 3827 816 3939 866; x_wconf 73' lang='grc' dir='ltr'><strong>Καὶ</strong></span> <span class='ocrx_word' id='word_1_248' title='bbox 3977 816 4036 866; x_wconf 77' lang='grc' dir='ltr'>ἐν</span> 
     </span>
    </p>
   </div>
   <div class='ocr_carea' id='block_1_36' title="bbox 2447 901 4037 974">
    <p class='ocr_par' dir='ltr' id='par_1_36' title="bbox 2447 901 4037 974">
     <span class='ocr_line' id='line_1_36' title="bbox 2447 901 4037 974; baseline 0 -18"><span class='ocrx_word' id='word_1_249' title='bbox 2447 904 2526 974; x_wconf 81' lang='grc' dir='ltr'>τῷ</span> <span class='ocrx_word' id='word_1_250' title='bbox 2561 905 2831 974; x_wconf 76' lang='grc' dir='ltr'>πνεύματι</span> <span class='ocrx_word' id='word_1_251' title='bbox 2867 904 3044 973; x_wconf 84' lang='grc' dir='ltr'>ὑμῶν.</span> <span class='ocrx_word' id='word_1_252' title='bbox 3086 923 3105 956; x_wconf 74' lang='grc' dir='ltr'><strong>ι</strong></span> <span class='ocrx_word' id='word_1_253' title='bbox 3152 901 3323 957; x_wconf 89' lang='grc' dir='ltr'>Τοῦτο</span> <span class='ocrx_word' id='word_1_254' title='bbox 3355 902 3528 956; x_wconf 79' lang='grc' dir='ltr'>εἰπὼν</span> <span class='ocrx_word' id='word_1_255' title='bbox 3558 904 3832 961; x_wconf 69' lang='grc' dir='ltr'>δείκνυσιν</span> <span class='ocrx_word' id='word_1_256' title='bbox 3863 906 3946 957; x_wconf 81' lang='grc' dir='ltr'>ὅτι</span> <span class='ocrx_word' id='word_1_257' title='bbox 3976 906 4037 956; x_wconf 70' lang='grc' dir='ltr'><strong>οὐ</strong></span> 
     </span>
    </p>
   </div>
   <div class='ocr_carea' id='block_1_37' title="bbox 2457 995 4041 1067">
    <p class='ocr_par' dir='ltr' id='par_1_37' title="bbox 2457 995 4041 1067">
     <span class='ocr_line' id='line_1_37' title="bbox 2457 995 4041 1067; baseline -0.001 -19"><span class='ocrx_word' id='word_1_258' title='bbox 2457 997 2617 1065; x_wconf 86' lang='grc' dir='ltr'>μόνον</span> <span class='ocrx_word' id='word_1_259' title='bbox 2662 996 2877 1065; x_wconf 85' lang='grc' dir='ltr'>σώματι</span> <span class='ocrx_word' id='word_1_260' title='bbox 2910 998 3015 1067; x_wconf 82' lang='grc' dir='ltr'><strong>χρὴ</strong></span> <span class='ocrx_word' id='word_1_261' title='bbox 3064 997 3288 1066; x_wconf 71' lang='grc' dir='ltr'>φεύγειν</span> <span class='ocrx_word' id='word_1_262' title='bbox 3320 996 3419 1064; x_wconf 82' lang='grc' dir='ltr'>τὴν</span> <span class='ocrx_word' id='word_1_263' title='bbox 3450 996 3725 1066; x_wconf 83' lang='grc' dir='ltr'>πορνείαν,</span> <span class='ocrx_word' id='word_1_264' title='bbox 3772 995 3909 1048; x_wconf 69' lang='grc' dir='ltr'>ἀλλὰ</span> <span class='ocrx_word' id='word_1_265' title='bbox 3944 998 4041 1049; x_wconf 69' lang='grc' dir='ltr'><strong>καὶ</strong></span> 
     </span>
    </p>
   </div>
   <div class='ocr_carea' id='block_1_38' title="bbox 2453 1084 4041 1156">
    <p class='ocr_par' dir='ltr' id='par_1_38' title="bbox 2453 1084 4041 1156">
     <span class='ocr_line' id='line_1_38' title="bbox 2453 1084 4041 1156; baseline -0.001 -19"><span class='ocrx_word' id='word_1_266' title='bbox 2453 1087 2748 1154; x_wconf 83' lang='grc' dir='ltr'>πνεύματι,</span> <span class='ocrx_word' id='word_1_267' title='bbox 2794 1087 2962 1154; x_wconf 79' lang='grc' dir='ltr'>ἠγουν</span> <span class='ocrx_word' id='word_1_268' title='bbox 3008 1088 3075 1156; x_wconf 77' lang='grc' dir='ltr'>τῇ</span> <span class='ocrx_word' id='word_1_269' title='bbox 3118 1086 3289 1155; x_wconf 75' lang='grc' dir='ltr'>ψυχῇ,</span> <span class='ocrx_word' id='word_1_270' title='bbox 3331 1084 3415 1151; x_wconf 81' lang='grc' dir='ltr'>τῷ</span> <span class='ocrx_word' id='word_1_271' title='bbox 3458 1084 3593 1154; x_wconf 72' lang='grc' dir='ltr'>μηδὲ</span> <span class='ocrx_word' id='word_1_272' title='bbox 3627 1085 3765 1137; x_wconf 79' lang='grc' dir='ltr'>κατὰ</span> <span class='ocrx_word' id='word_1_273' title='bbox 3794 1085 4041 1137; x_wconf 77' lang='grc' dir='ltr'>διάνοιαν</span> 
     </span>
    </p>
   </div>
   <div class='ocr_carea' id='block_1_39' title="bbox 2449 1175 4039 1248">
    <p class='ocr_par' dir='ltr' id='par_1_39' title="bbox 2449 1175 4039 1248">
     <span class='ocr_line' id='line_1_39' title="bbox 2449 1175 4039 1248; baseline 0.001 -21"><span class='ocrx_word' id='word_1_274' title='bbox 2449 1175 2799 1245; x_wconf 79' lang='grc' dir='ltr'><strong>μολύνεσθαι.</strong></span> <span class='ocrx_word' id='word_1_275' title='bbox 2839 1196 2857 1229; x_wconf 75' lang='grc' dir='ltr'><strong>ι</strong></span> <span class='ocrx_word' id='word_1_276' title='bbox 2904 1178 2998 1239; x_wconf 82' lang='lat'><strong>&#39;0;</strong></span> <span class='ocrx_word' id='word_1_277' title='bbox 3032 1176 3140 1245; x_wconf 79' lang='grc' dir='ltr'>γὰρ</span> <span class='ocrx_word' id='word_1_278' title='bbox 3172 1175 3259 1238; x_wconf 79' lang='grc' dir='ltr'><strong>ἂν,</strong></span> <span class='ocrx_word' id='word_1_279' title='bbox 3297 1177 3485 1246; x_wconf 81' lang='grc' dir='ltr'>φησὶν,</span> <span class='ocrx_word' id='word_1_280' title='bbox 3516 1176 3763 1248; x_wconf 61' lang='grc' dir='ltr'>ἐμϐλέψῃ</span> <span class='ocrx_word' id='word_1_281' title='bbox 3795 1178 3936 1245; x_wconf 74' lang='grc' dir='ltr'>πρὸς</span> <span class='ocrx_word' id='word_1_282' title='bbox 3978 1178 4039 1229; x_wconf 68' lang='grc' dir='ltr'>τὸ</span> 
     </span>
    </p>
   </div>
   <div class='ocr_carea' id='block_1_40' title="bbox 2443 1268 4029 1340">
    <p class='ocr_par' dir='ltr' id='par_1_40' title="bbox 2443 1268 4029 1340">
     <span class='ocr_line' id='line_1_40' title="bbox 2443 1268 4029 1340; baseline -0.001 -19"><span class='ocrx_word' id='word_1_283' title='bbox 2443 1268 2802 1340; x_wconf 79' lang='grc' dir='ltr'>ἐπιθυμῆσαι,</span> <span class='ocrx_word' id='word_1_284' title='bbox 2838 1270 2937 1340; x_wconf 71' lang='grc' dir='ltr'><strong>ήδη</strong></span> <span class='ocrx_word' id='word_1_285' title='bbox 2975 1268 3295 1339; x_wconf 74' lang='grc' dir='ltr'>ἐμοίχευσεν</span> <span class='ocrx_word' id='word_1_286' title='bbox 3335 1269 3393 1321; x_wconf 85' lang='grc' dir='ltr'>ὲν</span> <span class='ocrx_word' id='word_1_287' title='bbox 3440 1270 3504 1337; x_wconf 80' lang='grc' dir='ltr'>τῇ</span> <span class='ocrx_word' id='word_1_288' title='bbox 3550 1268 3744 1339; x_wconf 76' lang='grc' dir='ltr'>καρδίᾳ</span> <span class='ocrx_word' id='word_1_289' title='bbox 3778 1269 3969 1321; x_wconf 79' lang='grc' dir='ltr'>αὐτοῦ.</span> <span class='ocrx_word' id='word_1_290' title='bbox 4012 1288 4029 1319; x_wconf 78' lang='grc' dir='ltr'><strong>ι</strong></span> 
     </span>
    </p>
   </div>
   <div class='ocr_carea' id='block_1_41' title="bbox 2450 1361 4033 1431">
    <p class='ocr_par' dir='ltr' id='par_1_41' title="bbox 2450 1361 4033 1431">
     <span class='ocr_line' id='line_1_41' title="bbox 2450 1361 4033 1431; baseline -0.002 -18"><span class='ocrx_word' id='word_1_291' title='bbox 2450 1381 2466 1413; x_wconf 80' lang='grc' dir='ltr'><strong>ι</strong></span> <span class='ocrx_word' id='word_1_292' title='bbox 2510 1363 2706 1417; x_wconf 77' lang='grc' dir='ltr'>’Ἅτινά</span> <span class='ocrx_word' id='word_1_293' title='bbox 2750 1364 2866 1416; x_wconf 85' lang='grc' dir='ltr'>ἐστι</span> <span class='ocrx_word' id='word_1_294' title='bbox 2915 1364 3008 1415; x_wconf 88' lang='grc' dir='ltr'><strong>τοῦ</strong></span> <span class='ocrx_word' id='word_1_295' title='bbox 3049 1361 3205 1415; x_wconf 82' lang='grc' dir='ltr'>Θεοῦ.</span> <span class='ocrx_word' id='word_1_296' title='bbox 3265 1381 3284 1414; x_wconf 82' lang='lat' dir='ltr'><strong>s</strong></span> <span class='ocrx_word' id='word_1_297' title='bbox 3345 1361 3565 1431; x_wconf 81' lang='grc' dir='ltr'>Συχνῶς</span> <span class='ocrx_word' id='word_1_298' title='bbox 3618 1363 4033 1431; x_wconf 73' lang='grc' dir='ltr'><strong>ἀναμιμνήσκει</strong></span> 
     </span>
    </p>
   </div>
   <div class='ocr_carea' id='block_1_42' title="bbox 2442 1451 4029 1523">
    <p class='ocr_par' dir='ltr' id='par_1_42' title="bbox 2442 1451 4029 1523">
     <span class='ocr_line' id='line_1_42' title="bbox 2442 1451 4029 1523; baseline -0.004 -16"><span class='ocrx_word' id='word_1_299' title='bbox 2442 1454 2526 1507; x_wconf 80' lang='grc' dir='ltr'>ὅτι</span> <span class='ocrx_word' id='word_1_300' title='bbox 2560 1455 2659 1506; x_wconf 70' lang='grc' dir='ltr'>οὐκ</span> <span class='ocrx_word' id='word_1_301' title='bbox 2685 1454 2853 1523; x_wconf 74' lang='grc' dir='ltr'>ἐσμὲν</span> <span class='ocrx_word' id='word_1_302' title='bbox 2884 1452 3118 1516; x_wconf 80' lang='grc' dir='ltr'>ἑαυτῶν,</span> <span class='ocrx_word' id='word_1_303' title='bbox 3150 1451 3267 1505; x_wconf 83' lang='grc' dir='ltr'>ἀλλ’</span> <span class='ocrx_word' id='word_1_304' title='bbox 3288 1453 3396 1505; x_wconf 81' lang='grc' dir='ltr'><strong>ὑπὸ</strong></span> <span class='ocrx_word' id='word_1_305' title='bbox 3430 1452 3706 1520; x_wconf 80' lang='grc' dir='ltr'>Δεσπότην</span> <span class='ocrx_word' id='word_1_306' title='bbox 3740 1451 4029 1518; x_wconf 76' lang='grc' dir='ltr'>τελοῦμεν.</span> 
     </span>
    </p>
   </div>
   <div class='ocr_carea' id='block_1_43' title="bbox 2444 1542 4033 1616">
    <p class='ocr_par' dir='ltr' id='par_1_43' title="bbox 2444 1542 4033 1616">
     <span class='ocr_line' id='line_1_43' title="bbox 2444 1542 4033 1616; baseline -0.003 -18"><span class='ocrx_word' id='word_1_307' title='bbox 2444 1544 2614 1599; x_wconf 81' lang='grc' dir='ltr'>Τοῦτο</span> <span class='ocrx_word' id='word_1_308' title='bbox 2639 1545 2807 1616; x_wconf 80' lang='grc' dir='ltr'>δηλοῖ,</span> <span class='ocrx_word' id='word_1_309' title='bbox 2840 1544 3071 1599; x_wconf 59' lang='lat' dir='ltr'><strong>(&quot;Acuti</strong></span> <span class='ocrx_word' id='word_1_310' title='bbox 3101 1545 3219 1597; x_wconf 74' lang='grc' dir='ltr'>ἐστι</span> <span class='ocrx_word' id='word_1_311' title='bbox 3280 1544 3374 1596; x_wconf 86' lang='grc' dir='ltr'><strong>τοῦ</strong></span> <span class='ocrx_word' id='word_1_312' title='bbox 3410 1543 3569 1610; x_wconf 81' lang='grc' dir='ltr'>Θεοῦ,</span> <span class='ocrx_word' id='word_1_313' title='bbox 3604 1561 3622 1594; x_wconf 76' lang='grc' dir='ltr'><strong>ι</strong></span> <span class='ocrx_word' id='word_1_314' title='bbox 3664 1542 3758 1596; x_wconf 75' lang='grc' dir='ltr'>καὶ</span> <span class='ocrx_word' id='word_1_315' title='bbox 3782 1544 3880 1612; x_wconf 74' lang='grc' dir='ltr'>οὐχ</span> <span class='ocrx_word' id='word_1_316' title='bbox 3909 1544 4033 1594; x_wconf 67' lang='lat'><strong>€30-</strong></span> 
     </span>
    </p>
   </div>
   <div class='ocr_carea' id='block_1_44' title="bbox 2442 1637 2571 1693">
    <p class='ocr_par' dir='ltr' id='par_1_44' title="bbox 2442 1637 2571 1693">
     <span class='ocr_line' id='line_1_44' title="bbox 2442 1637 2571 1693; baseline 0.031 -4"><span class='ocrx_word' id='word_1_317' title='bbox 2442 1637 2571 1693; x_wconf 82' lang='grc' dir='ltr'>τῶν.</span> 
     </span>
    </p>
   </div>
   <div class='ocr_carea' id='block_1_45' title="bbox 3045 1769 3418 1821">
    <p class='ocr_par' dir='ltr' id='par_1_45' title="bbox 3045 1769 3418 1821">
     <span class='ocr_line' id='line_1_45' title="bbox 3045 1769 3418 1821; baseline 0 0"><span class='ocrx_word' id='word_1_318' title='bbox 3045 1769 3296 1821; x_wconf 73' lang='grc' dir='ltr'><strong>ΚΕΦΑᾹ.</strong></span> <span class='ocrx_word' id='word_1_319' title='bbox 3344 1772 3418 1821; x_wconf 84' lang='grc' dir='ltr'><strong>Δ’.</strong></span> 
     </span>
    </p>
   </div>
   <div class='ocr_carea' id='block_1_46' title="bbox 2624 1881 3820 1953">
    <p class='ocr_par' dir='ltr' id='par_1_46' title="bbox 2624 1881 3820 1953">
     <span class='ocr_line' id='line_1_46' title="bbox 2624 1881 3820 1953; baseline -0.004 -16"><span class='ocrx_word' id='word_1_320' title='bbox 2624 1882 2760 1951; x_wconf 73' lang='grc' dir='ltr'>Περὶ</span> <span class='ocrx_word' id='word_1_321' title='bbox 2791 1882 2980 1953; x_wconf 80' lang='grc' dir='ltr'>γάμου</span> <span class='ocrx_word' id='word_1_322' title='bbox 3014 1884 3110 1937; x_wconf 77' lang='grc' dir='ltr'><strong>καὶ</strong></span> <span class='ocrx_word' id='word_1_323' title='bbox 3144 1884 3389 1951; x_wconf 75' lang='grc' dir='ltr'>χηρειάς</span> <span class='ocrx_word' id='word_1_324' title='bbox 3420 1881 3518 1935; x_wconf 75' lang='grc' dir='ltr'><strong>καὶ</strong></span> <span class='ocrx_word' id='word_1_325' title='bbox 3545 1881 3820 1951; x_wconf 76' lang='grc' dir='ltr'>ἀγαμίας.</span> 
     </span>
    </p>
   </div>
   <div class='ocr_carea' id='block_1_47' title="bbox 2514 1986 4032 2060">
    <p class='ocr_par' dir='ltr' id='par_1_47' title="bbox 2514 1986 4032 2060">
     <span class='ocr_line' id='line_1_47' title="bbox 2514 1986 4032 2060; baseline -0.005 -14"><span class='ocrx_word' id='word_1_326' title='bbox 2514 1992 2653 2060; x_wconf 77' lang='grc' dir='ltr'>Περὶ</span> <span class='ocrx_word' id='word_1_327' title='bbox 2686 1992 2754 2044; x_wconf 81' lang='grc' dir='ltr'>δὲ</span> <span class='ocrx_word' id='word_1_328' title='bbox 2774 1986 2861 2044; x_wconf 82' lang='grc' dir='ltr'><strong>ὧν</strong></span> <span class='ocrx_word' id='word_1_329' title='bbox 2886 1991 3183 2059; x_wconf 73' lang='grc' dir='ltr'>ἐγράψατέ</span> <span class='ocrx_word' id='word_1_330' title='bbox 3215 2010 3340 2059; x_wconf 81' lang='grc' dir='ltr'>μοι,</span> <span class='ocrx_word' id='word_1_331' title='bbox 3379 1990 3570 2044; x_wconf 75' lang='grc' dir='ltr'><em>καλὸν</em></span> <span class='ocrx_word' id='word_1_332' title='bbox 3597 1988 3888 2057; x_wconf 72' lang='grc' dir='ltr'>ἀνθρώπῳ</span> <span class='ocrx_word' id='word_1_333' title='bbox 3922 2006 4032 2056; x_wconf 73' lang='grc' dir='ltr'>γιν-</span> 
     </span>
    </p>
   </div>
   <div class='ocr_carea' id='block_1_48' title="bbox 2441 2080 4029 2148">
    <p class='ocr_par' dir='ltr' id='par_1_48' title="bbox 2441 2080 4029 2148">
     <span class='ocr_line' id='line_1_48' title="bbox 2441 2080 4029 2148; baseline -0.006 -11"><span class='ocrx_word' id='word_1_334' title='bbox 2441 2084 2647 2148; x_wconf 56' lang='grc' dir='ltr'>τάικέις</span> <span class='ocrx_word' id='word_1_335' title='bbox 2678 2083 2761 2147; x_wconf 76' lang='grc' dir='ltr'>μὴ</span> <span class='ocrx_word' id='word_1_336' title='bbox 2817 2081 3130 2135; x_wconf 75' lang='grc' dir='ltr'>ἅπτεσθαι.</span> <span class='ocrx_word' id='word_1_337' title='bbox 3165 2080 3266 2133; x_wconf 80' lang='grc' dir='ltr'><strong>Διὰ</strong></span> <span class='ocrx_word' id='word_1_338' title='bbox 3307 2080 3374 2132; x_wconf 75' lang='grc' dir='ltr'>δὲ</span> <span class='ocrx_word' id='word_1_339' title='bbox 3398 2082 3503 2146; x_wconf 85' lang='grc' dir='ltr'>τὰς</span> <span class='ocrx_word' id='word_1_340' title='bbox 3556 2080 3859 2147; x_wconf 75' lang='grc' dir='ltr'>πορνείας,</span> <span class='ocrx_word' id='word_1_341' title='bbox 3891 2080 4029 2129; x_wconf 69' lang='grc' dir='ltr'><strong>ἑκα-</strong></span> 
     </span>
    </p>
   </div>
   <div class='ocr_carea' id='block_1_49' title="bbox 2441 2168 4030 2239">
    <p class='ocr_par' dir='ltr' id='par_1_49' title="bbox 2441 2168 4030 2239">
     <span class='ocr_line' id='line_1_49' title="bbox 2441 2168 4030 2239; baseline -0.005 -12"><span class='ocrx_word' id='word_1_342' title='bbox 2441 2189 2588 2238; x_wconf 79' lang='grc' dir='ltr'>στος</span> <span class='ocrx_word' id='word_1_343' title='bbox 2616 2172 2729 2239; x_wconf 80' lang='grc' dir='ltr'><strong>τὴν</strong></span> <span class='ocrx_word' id='word_1_344' title='bbox 2762 2171 2980 2224; x_wconf 80' lang='grc' dir='ltr'>ἑαυτοῦ</span> <span class='ocrx_word' id='word_1_345' title='bbox 3014 2170 3269 2239; x_wconf 79' lang='grc' dir='ltr'>γυναῖκα</span> <span class='ocrx_word' id='word_1_346' title='bbox 3289 2170 3494 2237; x_wconf 82' lang='grc' dir='ltr'><strong>ἐχέτω,</strong></span> <span class='ocrx_word' id='word_1_347' title='bbox 3531 2170 3628 2222; x_wconf 74' lang='grc' dir='ltr'><strong>καὶ</strong></span> <span class='ocrx_word' id='word_1_348' title='bbox 3662 2168 3893 2234; x_wconf 79' lang='grc' dir='ltr'><strong>ἑκάστη</strong></span> <span class='ocrx_word' id='word_1_349' title='bbox 3918 2168 4030 2220; x_wconf 70' lang='grc' dir='ltr'><strong>τὸν</strong></span> 
     </span>
    </p>
   </div>
   <div class='ocr_carea' id='block_1_50' title="bbox 2442 2259 4031 2329">
    <p class='ocr_par' dir='ltr' id='par_1_50' title="bbox 2442 2259 4031 2329">
     <span class='ocr_line' id='line_1_50' title="bbox 2442 2259 4031 2329; baseline -0.003 -15"><span class='ocrx_word' id='word_1_350' title='bbox 2442 2262 2597 2315; x_wconf 78' lang='grc' dir='ltr'>ἴδιον</span> <span class='ocrx_word' id='word_1_351' title='bbox 2628 2261 2817 2327; x_wconf 77' lang='grc' dir='ltr'>ἄνδρα</span> <span class='ocrx_word' id='word_1_352' title='bbox 2837 2261 3039 2329; x_wconf 83' lang='grc' dir='ltr'><strong>ἐχέτω.</strong></span> <span class='ocrx_word' id='word_1_353' title='bbox 3085 2259 3167 2328; x_wconf 78' lang='grc' dir='ltr'><em>Τῇ</em></span> <span class='ocrx_word' id='word_1_354' title='bbox 3200 2261 3431 2328; x_wconf 74' lang='grc' dir='ltr'>γυναικὶ</span> <span class='ocrx_word' id='word_1_355' title='bbox 3458 2262 3490 2313; x_wconf 83' lang='grc' dir='ltr'><em>ὀ</em></span> <span class='ocrx_word' id='word_1_356' title='bbox 3518 2260 3673 2327; x_wconf 77' lang='grc' dir='ltr'>ἀνὴρ</span> <span class='ocrx_word' id='word_1_357' title='bbox 3714 2260 3829 2327; x_wconf 79' lang='grc' dir='ltr'><strong>τὴν</strong></span> <span class='ocrx_word' id='word_1_358' title='bbox 3866 2261 4031 2328; x_wconf 55' lang='grc' dir='ltr'>ὀρει-</span> 
     </span>
    </p>
   </div>
   <div class='ocr_carea' id='block_1_51' title="bbox 2439 2352 4023 2421">
    <p class='ocr_par' dir='ltr' id='par_1_51' title="bbox 2439 2352 4023 2421">
     <span class='ocr_line' id='line_1_51' title="bbox 2439 2352 4023 2421; baseline -0.003 -14"><span class='ocrx_word' id='word_1_359' title='bbox 2439 2352 2709 2421; x_wconf 74' lang='grc' dir='ltr'><strong>λομένην</strong></span> <span class='ocrx_word' id='word_1_360' title='bbox 2751 2354 2997 2406; x_wconf 82' lang='grc' dir='ltr'>εὔνοιαν</span> <span class='ocrx_word' id='word_1_361' title='bbox 3044 2353 3401 2418; x_wconf 81' lang='grc' dir='ltr'>ἀποδιδότω,</span> <span class='ocrx_word' id='word_1_362' title='bbox 3462 2353 3673 2421; x_wconf 81' lang='grc' dir='ltr'>ὁμοίως</span> <span class='ocrx_word' id='word_1_363' title='bbox 3705 2353 3773 2405; x_wconf 91' lang='grc' dir='ltr'>δὲ</span> <span class='ocrx_word' id='word_1_364' title='bbox 3821 2354 3919 2405; x_wconf 73' lang='grc' dir='ltr'><strong>καὶ</strong></span> <span class='ocrx_word' id='word_1_365' title='bbox 3988 2354 4023 2419; x_wconf 83' lang='grc' dir='ltr'><em>ἡ</em></span> 
     </span>
    </p>
   </div>
   <div class='ocr_carea' id='block_1_52' title="bbox 2439 2444 4027 2514">
    <p class='ocr_par' dir='ltr' id='par_1_52' title="bbox 2439 2444 4027 2514">
     <span class='ocr_line' id='line_1_52' title="bbox 2439 2444 4027 2514; baseline -0.001 -15"><span class='ocrx_word' id='word_1_366' title='bbox 2439 2444 2594 2514; x_wconf 80' lang='grc' dir='ltr'>γυνὴ</span> <span class='ocrx_word' id='word_1_367' title='bbox 2628 2444 2708 2509; x_wconf 79' lang='grc' dir='ltr'><strong>τῷ</strong></span> <span class='ocrx_word' id='word_1_368' title='bbox 2737 2445 2931 2512; x_wconf 81' lang='grc' dir='ltr'>ἀνδρί.</span> <span class='ocrx_word' id='word_1_369' title='bbox 2985 2445 3052 2499; x_wconf 83' lang='grc' dir='ltr'><strong>Ἦ</strong></span> <span class='ocrx_word' id='word_1_370' title='bbox 3080 2445 3236 2514; x_wconf 78' lang='grc' dir='ltr'>γυνὴ</span> <span class='ocrx_word' id='word_1_371' title='bbox 3267 2446 3372 2498; x_wconf 81' lang='grc' dir='ltr'><strong>τοῦ</strong></span> <span class='ocrx_word' id='word_1_372' title='bbox 3408 2445 3564 2500; x_wconf 81' lang='grc' dir='ltr'>ιδίου</span> <span class='ocrx_word' id='word_1_373' title='bbox 3595 2444 3874 2513; x_wconf 74' lang='grc' dir='ltr'>σώματτς</span> <span class='ocrx_word' id='word_1_374' title='bbox 3912 2448 4027 2498; x_wconf 66' lang='grc' dir='ltr'><strong>οὐκ</strong></span> 
     </span>
    </p>
   </div>
   <div class='ocr_carea' id='block_1_53' title="bbox 2437 2534 4027 2604">
    <p class='ocr_par' dir='ltr' id='par_1_53' title="bbox 2437 2534 4027 2604">
     <span class='ocr_line' id='line_1_53' title="bbox 2437 2534 4027 2604; baseline -0.002 -15"><span class='ocrx_word' id='word_1_375' title='bbox 2437 2534 2791 2601; x_wconf 76' lang='grc' dir='ltr'><strong>ἐξουσιάζει,</strong></span> <span class='ocrx_word' id='word_1_376' title='bbox 2838 2534 2976 2589; x_wconf 67' lang='grc' dir='ltr'><em>ἀλλ’</em></span> <span class='ocrx_word' id='word_1_377' title='bbox 3006 2538 3038 2588; x_wconf 86' lang='grc' dir='ltr'><em>ὀ</em></span> <span class='ocrx_word' id='word_1_378' title='bbox 3071 2535 3247 2603; x_wconf 83' lang='grc' dir='ltr'>ἀνήρ.</span> <span class='ocrx_word' id='word_1_379' title='bbox 3291 2535 3537 2604; x_wconf 82' lang='grc' dir='ltr'>Ὁμοίως</span> <span class='ocrx_word' id='word_1_380' title='bbox 3572 2535 3641 2587; x_wconf 87' lang='grc' dir='ltr'>δὲ</span> <span class='ocrx_word' id='word_1_381' title='bbox 3670 2536 3768 2587; x_wconf 77' lang='grc' dir='ltr'><strong>καὶ</strong></span> <span class='ocrx_word' id='word_1_382' title='bbox 3798 2538 3831 2588; x_wconf 83' lang='lat' dir='ltr'><strong>d</strong></span> <span class='ocrx_word' id='word_1_383' title='bbox 3864 2535 4027 2601; x_wconf 82' lang='grc' dir='ltr'>ἀνὴρ</span> 
     </span>
    </p>
   </div>
   <div class='ocr_carea' id='block_1_54' title="bbox 2438 2622 4025 2692">
    <p class='ocr_par' dir='ltr' id='par_1_54' title="bbox 2438 2622 4025 2692">
     <span class='ocr_line' id='line_1_54' title="bbox 2438 2622 4025 2692; baseline -0.003 -13"><span class='ocrx_word' id='word_1_384' title='bbox 2438 2625 2545 2679; x_wconf 83' lang='grc' dir='ltr'><strong>⁴τοῦ</strong></span> <span class='ocrx_word' id='word_1_385' title='bbox 2614 2623 2769 2677; x_wconf 76' lang='grc' dir='ltr'>ἰδίου</span> <span class='ocrx_word' id='word_1_386' title='bbox 2830 2624 3107 2692; x_wconf 84' lang='grc' dir='ltr'>σώματος</span> <span class='ocrx_word' id='word_1_387' title='bbox 3179 2625 3290 2677; x_wconf 84' lang='grc' dir='ltr'><strong>οὐκ</strong></span> <span class='ocrx_word' id='word_1_388' title='bbox 3349 2622 3715 2688; x_wconf 69' lang='grc' dir='ltr'>ἐξουσιάζει,</span> <span class='ocrx_word' id='word_1_389' title='bbox 3787 2622 3928 2676; x_wconf 69' lang='grc' dir='ltr'><strong>ἀλλ’</strong></span> <span class='ocrx_word' id='word_1_390' title='bbox 3986 2623 4025 2689; x_wconf 82' lang='grc' dir='ltr'><em>ὴ</em></span> 
     </span>
    </p>
   </div>
   <div class='ocr_carea' id='block_1_55' title="bbox 2439 2716 2613 2788">
    <p class='ocr_par' dir='ltr' id='par_1_55' title="bbox 2439 2716 2613 2788">
     <span class='ocr_line' id='line_1_55' title="bbox 2439 2716 2613 2788; baseline -0.029 0"><span class='ocrx_word' id='word_1_391' title='bbox 2439 2716 2613 2788; x_wconf 79' lang='grc' dir='ltr'>γυνή-</span> 
     </span>
    </p>
   </div>
   <div class='ocr_carea' id='block_1_56' title="bbox 2510 2803 4023 2876">
    <p class='ocr_par' dir='ltr' id='par_1_56' title="bbox 2510 2803 4023 2876">
     <span class='ocr_line' id='line_1_56' title="bbox 2510 2803 4023 2876; baseline -0.002 -17"><span class='ocrx_word' id='word_1_392' title='bbox 2510 2804 2796 2875; x_wconf 61' lang='grc' dir='ltr'>Ἔγραψαν</span> <span class='ocrx_word' id='word_1_393' title='bbox 2823 2804 2903 2876; x_wconf 84' lang='grc' dir='ltr'>τῷ</span> <span class='ocrx_word' id='word_1_394' title='bbox 2928 2803 3127 2874; x_wconf 83' lang='grc' dir='ltr'>Παύλῳ</span> <span class='ocrx_word' id='word_1_395' title='bbox 3157 2804 3204 2857; x_wconf 80' lang='grc' dir='ltr'><strong>εί</strong></span> <span class='ocrx_word' id='word_1_396' title='bbox 3245 2803 3327 2856; x_wconf 78' lang='grc' dir='ltr'>δεῖ</span> <span class='ocrx_word' id='word_1_397' title='bbox 3366 2804 3663 2875; x_wconf 83' lang='grc' dir='ltr'>ἀπέχεσθαι</span> <span class='ocrx_word' id='word_1_398' title='bbox 3690 2804 3953 2873; x_wconf 79' lang='grc' dir='ltr'>γυναικὸς</span> <span class='ocrx_word' id='word_1_399' title='bbox 3989 2803 4023 2874; x_wconf 90' lang='grc' dir='ltr'>ἢ</span> 
     </span>
    </p>
   </div>
   <div class='ocr_carea' id='block_1_57' title="bbox 2436 2896 4023 2966">
    <p class='ocr_par' dir='ltr' id='par_1_57' title="bbox 2436 2896 4023 2966">
     <span class='ocr_line' id='line_1_57' title="bbox 2436 2896 4023 2966; baseline -0.003 -15"><span class='ocrx_word' id='word_1_400' title='bbox 2436 2897 2517 2951; x_wconf 77' lang='grc' dir='ltr'><strong>οῦ.</strong></span> <span class='ocrx_word' id='word_1_401' title='bbox 2552 2917 2569 2948; x_wconf 75' lang='grc' dir='ltr'><strong>ι</strong></span> <span class='ocrx_word' id='word_1_402' title='bbox 2594 2898 2773 2949; x_wconf 81' lang='grc' dir='ltr'>Καλὸν</span> <span class='ocrx_word' id='word_1_403' title='bbox 2802 2896 3095 2966; x_wconf 80' lang='grc' dir='ltr'>ἀνθρώπῳ.</span> <span class='ocrx_word' id='word_1_404' title='bbox 3134 2914 3151 2947; x_wconf 76' lang='lat' dir='ltr'><strong>t</strong></span> <span class='ocrx_word' id='word_1_405' title='bbox 3181 2897 3253 2949; x_wconf 82' lang='grc' dir='ltr'><strong>Τὸ</strong></span> <span class='ocrx_word' id='word_1_406' title='bbox 3278 2896 3377 2965; x_wconf 80' lang='grc' dir='ltr'>μὲν</span> <span class='ocrx_word' id='word_1_407' title='bbox 3405 2896 3569 2950; x_wconf 70' lang='grc' dir='ltr'>καλὸν</span> <span class='ocrx_word' id='word_1_408' title='bbox 3596 2898 3689 2949; x_wconf 76' lang='grc' dir='ltr'><strong>καὶ</strong></span> <span class='ocrx_word' id='word_1_409' title='bbox 3727 2896 4023 2965; x_wconf 78' lang='grc' dir='ltr'>ὑπερέχον,</span> 
     </span>
    </p>
   </div>
   <div class='ocr_carea' id='block_1_58' title="bbox 2437 2987 4023 3059">
    <p class='ocr_par' dir='ltr' id='par_1_58' title="bbox 2437 2987 4023 3059">
     <span class='ocr_line' id='line_1_58' title="bbox 2437 2987 4023 3059; baseline -0.002 -18"><span class='ocrx_word' id='word_1_410' title='bbox 2437 2990 2621 3059; x_wconf 71' lang='grc' dir='ltr'>φησὶν,</span> <span class='ocrx_word' id='word_1_411' title='bbox 2656 2988 2769 3041; x_wconf 75' lang='grc' dir='ltr'>ἔστι</span> <span class='ocrx_word' id='word_1_412' title='bbox 2805 2987 2884 3051; x_wconf 80' lang='grc' dir='ltr'><strong>τὸ,</strong></span> <span class='ocrx_word' id='word_1_413' title='bbox 2936 2988 3073 3052; x_wconf 87' lang='grc' dir='ltr'>ὅλως</span> <span class='ocrx_word' id='word_1_414' title='bbox 3132 2990 3207 3057; x_wconf 82' lang='grc' dir='ltr'>μὴ</span> <span class='ocrx_word' id='word_1_415' title='bbox 3234 2989 3499 3041; x_wconf 74' lang='grc' dir='ltr'>ἅπτεσθαι</span> <span class='ocrx_word' id='word_1_416' title='bbox 3541 2990 3822 3055; x_wconf 71' lang='grc' dir='ltr'>γυναικός.</span> <span class='ocrx_word' id='word_1_417' title='bbox 3863 2988 3938 3040; x_wconf 68' lang='grc' dir='ltr'>Τὸ</span> <span class='ocrx_word' id='word_1_418' title='bbox 3966 2987 4023 3039; x_wconf 81' lang='grc' dir='ltr'>δὲ</span> 
     </span>
    </p>
   </div>
   <div class='ocr_carea' id='block_1_59' title="bbox 2437 3076 4026 3148">
    <p class='ocr_par' dir='ltr' id='par_1_59' title="bbox 2437 3076 4026 3148">
     <span class='ocr_line' id='line_1_59' title="bbox 2437 3076 4026 3148; baseline -0.004 -15"><span class='ocrx_word' id='word_1_419' title='bbox 2437 3078 2677 3147; x_wconf 76' lang='grc' dir='ltr'>ἀσφαλὲς</span> <span class='ocrx_word' id='word_1_420' title='bbox 2707 3078 2800 3131; x_wconf 73' lang='grc' dir='ltr'>καὶ</span> <span class='ocrx_word' id='word_1_421' title='bbox 2831 3076 3060 3147; x_wconf 76' lang='grc' dir='ltr'>βοηθοῦν</span> <span class='ocrx_word' id='word_1_422' title='bbox 3080 3081 3145 3146; x_wconf 80' lang='grc' dir='ltr'>τῇ</span> <span class='ocrx_word' id='word_1_423' title='bbox 3170 3078 3423 3148; x_wconf 80' lang='grc' dir='ltr'>ἀσθενείᾳ</span> <span class='ocrx_word' id='word_1_424' title='bbox 3459 3079 3612 3147; x_wconf 74' lang='grc' dir='ltr'>ἡμῶν</span> <span class='ocrx_word' id='word_1_425' title='bbox 3642 3118 3654 3137; x_wconf 97' lang='grc'><strong>,</strong></span> <span class='ocrx_word' id='word_1_426' title='bbox 3681 3077 3769 3141; x_wconf 72' lang='grc' dir='ltr'>τὸ,</span> <span class='ocrx_word' id='word_1_427' title='bbox 3798 3076 4026 3147; x_wconf 82' lang='grc' dir='ltr'>νομίμῳ</span> 
     </span>
    </p>
   </div>
   <div class='ocr_carea' id='block_1_60' title="bbox 757 3167 2336 3286">
    <p class='ocr_par' dir='ltr' id='par_1_60' title="bbox 757 3167 2327 3252">
     <span class='ocr_line' id='line_1_60' title="bbox 757 3167 2327 3252; baseline 0.001 -10"><span class='ocrx_word' id='word_1_428' title='bbox 757 3189 1019 3243; x_wconf 83' lang='lat' dir='ltr'><strong>auxilium</strong></span> <span class='ocrx_word' id='word_1_429' title='bbox 1058 3167 1423 3242; x_wconf 84' lang='lat' dir='ltr'><strong>imbecillitati</strong></span> <span class='ocrx_word' id='word_1_430' title='bbox 1466 3198 1667 3243; x_wconf 63' lang='lat' dir='ltr'><strong>nostra!</strong></span> <span class='ocrx_word' id='word_1_431' title='bbox 1698 3188 1884 3242; x_wconf 92' lang='lat' dir='ltr'><strong>datum</strong></span> <span class='ocrx_word' id='word_1_432' title='bbox 1909 3200 2013 3252; x_wconf 85' lang='lat' dir='ltr'><strong>est,</strong></span> <span class='ocrx_word' id='word_1_433' title='bbox 2047 3200 2106 3244; x_wconf 92' lang='lat' dir='ltr'><strong>ut</strong></span> <span class='ocrx_word' id='word_1_434' title='bbox 2137 3191 2221 3243; x_wconf 92' lang='lat' dir='ltr'><strong>vir</strong></span> <span class='ocrx_word' id='word_1_435' title='bbox 2245 3191 2327 3244; x_wconf 88' lang='lat' dir='ltr'><strong>le-</strong></span> 
     </span>
    </p>
   </div>
   <div class='ocr_carea' id='block_1_61' title="bbox 2439 3167 4016 3286">
    <p class='ocr_par' dir='ltr' id='par_1_61' title="bbox 2439 3167 4016 3286">
     <span class='ocr_line' id='line_1_61' title="bbox 2439 3167 4016 3239; baseline -0.001 -16"><span class='ocrx_word' id='word_1_436' title='bbox 2439 3169 2736 3239; x_wconf 77' lang='grc' dir='ltr'>κεχρῆσθαι</span> <span class='ocrx_word' id='word_1_437' title='bbox 2767 3169 3007 3238; x_wconf 73' lang='grc' dir='ltr'>γυναικὶ,</span> <span class='ocrx_word' id='word_1_438' title='bbox 3039 3169 3133 3221; x_wconf 79' lang='grc' dir='ltr'><strong>καὶ</strong></span> <span class='ocrx_word' id='word_1_439' title='bbox 3159 3169 3473 3237; x_wconf 83' lang='grc' dir='ltr'>τὸ,νομίμῳ</span> <span class='ocrx_word' id='word_1_440' title='bbox 3503 3168 3805 3237; x_wconf 79' lang='grc' dir='ltr'>κεχρῆσθαι</span> <span class='ocrx_word' id='word_1_441' title='bbox 3836 3167 4016 3237; x_wconf 80' lang='grc' dir='ltr'>ἀνδρί.</span> 
     </span>
     <span class='ocr_line' id='line_1_62' title="bbox 2449 3261 4016 3286; baseline -0.001 1"><span class='ocrx_word' id='word_1_442' title='bbox 2449 3280 2463 3286; x_wconf 86' lang='grc'><strong>-</strong></span> <span class='ocrx_word' id='word_1_443' title='bbox 2507 3264 2593 3286; x_wconf 48' lang='lat' dir='ltr'><strong>LL</strong></span> <span class='ocrx_word' id='word_1_444' title='bbox 2643 3262 2693 3286; x_wconf 65' lang='grc' dir='ltr'>,ι</span> <span class='ocrx_word' id='word_1_445' title='bbox 2727 3265 2823 3286; x_wconf 49' lang='grc' dir='ltr'><strong>,μ</strong></span> <span class='ocrx_word' id='word_1_446' title='bbox 2872 3262 3131 3286; x_wconf 75' lang='grc' dir='ltr'><strong>--,,,-ι--</strong></span> <span class='ocrx_word' id='word_1_447' title='bbox 3195 3281 3207 3286; x_wconf 81' lang='lat'><strong><em>_</em></strong></span> <span class='ocrx_word' id='word_1_448' title='bbox 3268 3261 3401 3286; x_wconf 55' lang='lat' dir='ltr'><strong>un</strong></span> <span class='ocrx_word' id='word_1_449' title='bbox 3432 3263 3461 3286; x_wconf 69' lang='grc' dir='ltr'>,ι</span> <span class='ocrx_word' id='word_1_450' title='bbox 3490 3262 3584 3286; x_wconf 68' lang='lat'><strong>_=_</strong></span> <span class='ocrx_word' id='word_1_451' title='bbox 3614 3263 4016 3286; x_wconf 49' lang='lat'><strong>-._.____-4-___-</strong></span> 
     </span>
    </p>
   </div>
   <div class='ocr_carea' id='block_1_62' title="bbox 756 3277 2325 3349">
    <p class='ocr_par' dir='ltr' id='par_1_62' title="bbox 756 3277 2325 3349">
     <span class='ocr_line' id='line_1_63' title="bbox 756 3277 2325 3349; baseline -0.001 -17"><span class='ocrx_word' id='word_1_452' title='bbox 756 3280 945 3349; x_wconf 69' lang='lat' dir='ltr'><strong>gitima</strong></span> <span class='ocrx_word' id='word_1_453' title='bbox 975 3286 1164 3333; x_wconf 87' lang='lat' dir='ltr'><strong>utatur</strong></span> <span class='ocrx_word' id='word_1_454' title='bbox 1193 3292 1388 3344; x_wconf 80' lang='lat' dir='ltr'><strong>uxore,</strong></span> <span class='ocrx_word' id='word_1_455' title='bbox 1435 3286 1490 3332; x_wconf 90' lang='lat' dir='ltr'><strong>et</strong></span> <span class='ocrx_word' id='word_1_456' title='bbox 1514 3293 1651 3330; x_wconf 78' lang='lat' dir='ltr'><strong>uxor</strong></span> <span class='ocrx_word' id='word_1_457' title='bbox 1686 3277 1935 3347; x_wconf 80' lang='lat' dir='ltr'><strong>legitimo</strong></span> <span class='ocrx_word' id='word_1_458' title='bbox 1967 3286 2153 3332; x_wconf 92' lang='lat' dir='ltr'><strong>ntatur</strong></span> <span class='ocrx_word' id='word_1_459' title='bbox 2186 3278 2325 3331; x_wconf 81' lang='lat' dir='ltr'><strong>viro.</strong></span> 
     </span>
    </p>
   </div>
   <div class='ocr_carea' id='block_1_63' title="bbox 763 3367 2334 3441">
    <p class='ocr_par' dir='ltr' id='par_1_63' title="bbox 763 3367 2334 3441">
     <span class='ocr_line' id='line_1_64' title="bbox 763 3367 2334 3441; baseline 0.001 -21"><span class='ocrx_word' id='word_1_460' title='bbox 763 3391 780 3420; x_wconf 75' lang='grc' dir='ltr'><strong>ε</strong></span> <span class='ocrx_word' id='word_1_461' title='bbox 812 3371 1065 3425; x_wconf 82' lang='lat' dir='ltr'><strong>Attamen</strong></span> <span class='ocrx_word' id='word_1_462' title='bbox 1097 3378 1323 3441; x_wconf 90' lang='lat' dir='ltr'><strong>pr0pter</strong></span> <span class='ocrx_word' id='word_1_463' title='bbox 1352 3378 1539 3439; x_wconf 84' lang='lat' dir='ltr'><strong>stupra</strong></span> <span class='ocrx_word' id='word_1_464' title='bbox 1573 3367 1816 3422; x_wconf 89' lang='lat' dir='ltr'><strong>vitanda.</strong></span> <span class='ocrx_word' id='word_1_465' title='bbox 1853 3388 1870 3420; x_wconf 72' lang='grc' dir='ltr'><strong>ι</strong></span> <span class='ocrx_word' id='word_1_466' title='bbox 1902 3369 2027 3423; x_wconf 67' lang='lat' dir='ltr'><strong>llam</strong></span> <span class='ocrx_word' id='word_1_467' title='bbox 2061 3369 2176 3439; x_wconf 87' lang='lat' dir='ltr'><strong>ipsa</strong></span> <span class='ocrx_word' id='word_1_468' title='bbox 2209 3385 2334 3439; x_wconf 89' lang='lat' dir='ltr'><strong>per-</strong></span> 
     </span>
    </p>
   </div>
   <div class='ocr_carea' id='block_1_64' title="bbox 756 3460 2334 3518">
    <p class='ocr_par' dir='ltr' id='par_1_64' title="bbox 756 3460 2334 3518">
     <span class='ocr_line' id='line_1_65' title="bbox 756 3460 2334 3518; baseline -0.002 0"><span class='ocrx_word' id='word_1_469' title='bbox 756 3463 1039 3518; x_wconf 85' lang='lat' dir='ltr'><strong>missionis</strong></span> <span class='ocrx_word' id='word_1_470' title='bbox 1063 3478 1231 3518; x_wconf 83' lang='lat' dir='ltr'><strong>causa</strong></span> <span class='ocrx_word' id='word_1_471' title='bbox 1260 3463 1327 3516; x_wconf 90' lang='lat' dir='ltr'><strong>ad</strong></span> <span class='ocrx_word' id='word_1_472' title='bbox 1362 3462 1755 3516; x_wconf 88' lang='lat' dir='ltr'><strong>continentiam</strong></span> <span class='ocrx_word' id='word_1_473' title='bbox 1796 3460 2144 3515; x_wconf 82' lang='lat' dir='ltr'><strong>adhortatur.</strong></span> <span class='ocrx_word' id='word_1_474' title='bbox 2180 3479 2197 3511; x_wconf 81' lang='grc' dir='ltr'><strong>ι</strong></span> <span class='ocrx_word' id='word_1_475' title='bbox 2231 3461 2334 3515; x_wconf 88' lang='lat' dir='ltr'><strong>De-</strong></span> 
     </span>
    </p>
   </div>
   <div class='ocr_carea' id='block_1_65' title="bbox 759 3551 2332 3609">
    <p class='ocr_par' dir='ltr' id='par_1_65' title="bbox 759 3551 2332 3609">
     <span class='ocr_line' id='line_1_66' title="bbox 759 3551 2332 3609; baseline -0.003 -1"><span class='ocrx_word' id='word_1_476' title='bbox 759 3556 926 3609; x_wconf 86' lang='lat' dir='ltr'><strong>hitam</strong></span> <span class='ocrx_word' id='word_1_477' title='bbox 976 3554 1439 3608; x_wconf 80' lang='lat' dir='ltr'><strong>benevolentiam.</strong></span> <span class='ocrx_word' id='word_1_478' title='bbox 1501 3570 1520 3604; x_wconf 73' lang='grc' dir='ltr'><strong>ι</strong></span> <span class='ocrx_word' id='word_1_479' title='bbox 1582 3551 1840 3605; x_wconf 90' lang='lat' dir='ltr'><strong>Ostendit</strong></span> <span class='ocrx_word' id='word_1_480' title='bbox 1892 3551 2332 3605; x_wconf 86' lang='lat' dir='ltr'><strong>benevolentiam</strong></span> 
     </span>
    </p>
   </div>
   <div class='ocr_carea' id='block_1_66' title="bbox 757 3642 2330 3714">
    <p class='ocr_par' dir='ltr' id='par_1_66' title="bbox 757 3642 2330 3714">
     <span class='ocr_line' id='line_1_67' title="bbox 757 3642 2330 3714; baseline -0.004 -13"><span class='ocrx_word' id='word_1_481' title='bbox 757 3648 1005 3701; x_wconf 87' lang='lat' dir='ltr'><strong>debitum</strong></span> <span class='ocrx_word' id='word_1_482' title='bbox 1052 3661 1196 3709; x_wconf 89' lang='lat' dir='ltr'><strong>esse,</strong></span> <span class='ocrx_word' id='word_1_483' title='bbox 1241 3654 1371 3714; x_wconf 88' lang='lat' dir='ltr'><strong>puta</strong></span> <span class='ocrx_word' id='word_1_484' title='bbox 1409 3642 1731 3697; x_wconf 81' lang='lat' dir='ltr'><strong>ﬁdelitatem</strong></span> <span class='ocrx_word' id='word_1_485' title='bbox 1773 3658 1836 3696; x_wconf 91' lang='lat' dir='ltr'><strong>ac</strong></span> <span class='ocrx_word' id='word_1_486' title='bbox 1876 3653 2129 3696; x_wconf 90' lang='lat' dir='ltr'><strong>mutuum</strong></span> <span class='ocrx_word' id='word_1_487' title='bbox 2177 3658 2330 3697; x_wconf 86' lang='lat' dir='ltr'><strong>amo-</strong></span> 
     </span>
    </p>
   </div>
   <div class='ocr_carea' id='block_1_67' title="bbox 758 3734 2333 3806">
    <p class='ocr_par' dir='ltr' id='par_1_67' title="bbox 758 3734 2333 3806">
     <span class='ocr_line' id='line_1_68' title="bbox 758 3734 2333 3806; baseline -0.004 -12"><span class='ocrx_word' id='word_1_488' title='bbox 758 3755 897 3802; x_wconf 88' lang='lat' dir='ltr'><strong>rem,</strong></span> <span class='ocrx_word' id='word_1_489' title='bbox 938 3748 993 3793; x_wconf 86' lang='lat' dir='ltr'><strong>et</strong></span> <span class='ocrx_word' id='word_1_490' title='bbox 1036 3754 1145 3791; x_wconf 90' lang='lat' dir='ltr'><strong>non</strong></span> <span class='ocrx_word' id='word_1_491' title='bbox 1174 3737 1344 3806; x_wconf 79' lang='lat' dir='ltr'><strong>gratis</strong></span> <span class='ocrx_word' id='word_1_492' title='bbox 1387 3735 1660 3791; x_wconf 81' lang='lat' dir='ltr'><strong>exhiberi.</strong></span> <span class='ocrx_word' id='word_1_493' title='bbox 1700 3752 1719 3785; x_wconf 71' lang='grc' dir='ltr'><em>α</em></span> <span class='ocrx_word' id='word_1_494' title='bbox 1761 3734 2027 3789; x_wconf 90' lang='lat' dir='ltr'><strong>Similiter</strong></span> <span class='ocrx_word' id='word_1_495' title='bbox 2056 3745 2239 3789; x_wconf 90' lang='lat' dir='ltr'><strong>autem</strong></span> <span class='ocrx_word' id='word_1_496' title='bbox 2278 3744 2333 3788; x_wconf 91' lang='lat' dir='ltr'><strong>et</strong></span> 
     </span>
    </p>
   </div>
   <div class='ocr_carea' id='block_1_68' title="bbox 756 3826 2332 3899">
    <p class='ocr_par' dir='ltr' id='par_1_68' title="bbox 756 3826 2332 3899">
     <span class='ocr_line' id='line_1_69' title="bbox 756 3826 2332 3899; baseline -0.001 -16"><span class='ocrx_word' id='word_1_497' title='bbox 756 3833 841 3886; x_wconf 46' lang='lat' dir='ltr'><strong>\‘ir</strong></span> <span class='ocrx_word' id='word_1_498' title='bbox 876 3832 962 3886; x_wconf 91' lang='lat' dir='ltr'><strong>sui</strong></span> <span class='ocrx_word' id='word_1_499' title='bbox 1003 3830 1250 3898; x_wconf 88' lang='lat' dir='ltr'><strong>corporis</strong></span> <span class='ocrx_word' id='word_1_500' title='bbox 1281 3830 1372 3899; x_wconf 86' lang='lat' dir='ltr'><strong>jus</strong></span> <span class='ocrx_word' id='word_1_501' title='bbox 1444 3844 1553 3883; x_wconf 88' lang='lat' dir='ltr'><strong>non</strong></span> <span class='ocrx_word' id='word_1_502' title='bbox 1590 3827 1775 3882; x_wconf 78' lang='lat' dir='ltr'><strong>habet.</strong></span> <span class='ocrx_word' id='word_1_503' title='bbox 1818 3846 1836 3878; x_wconf 73' lang='grc' dir='ltr'><strong>ι</strong></span> <span class='ocrx_word' id='word_1_504' title='bbox 1875 3826 2332 3896; x_wconf 87' lang='lat' dir='ltr'><strong>Quandoquidem</strong></span> 
     </span>
    </p>
   </div>
   <div class='ocr_carea' id='block_1_69' title="bbox 756 3919 2333 3988">
    <p class='ocr_par' dir='ltr' id='par_1_69' title="bbox 756 3919 2333 3988">
     <span class='ocr_line' id='line_1_70' title="bbox 756 3919 2333 3988; baseline -0.003 -11"><span class='ocrx_word' id='word_1_505' title='bbox 756 3926 987 3984; x_wconf 78' lang='lat' dir='ltr'><strong>dixerat,</strong></span> <span class='ocrx_word' id='word_1_506' title='bbox 1027 3940 1044 3972; x_wconf 74' lang='grc' dir='ltr'><strong>ι</strong></span> <span class='ocrx_word' id='word_1_507' title='bbox 1085 3922 1334 3976; x_wconf 89' lang='lat' dir='ltr'><strong>Debitam</strong></span> <span class='ocrx_word' id='word_1_508' title='bbox 1378 3920 1845 3983; x_wconf 84' lang='lat' dir='ltr'><strong>benevolentiam,</strong></span> <span class='ocrx_word' id='word_1_509' title='bbox 1883 3937 1900 3970; x_wconf 75' lang='grc' dir='ltr'><strong>ι</strong></span> <span class='ocrx_word' id='word_1_510' title='bbox 1939 3919 2333 3988; x_wconf 86' lang='lat' dir='ltr'><strong>interpretatus</strong></span> 
     </span>
    </p>
   </div>
   <div class='ocr_carea' id='block_1_70' title="bbox 756 4012 2333 4085">
    <p class='ocr_par' dir='ltr' id='par_1_70' title="bbox 756 4012 2333 4085">
     <span class='ocr_line' id='line_1_71' title="bbox 756 4012 2333 4085; baseline -0.003 -14"><span class='ocrx_word' id='word_1_511' title='bbox 756 4027 840 4071; x_wconf 83' lang='lat' dir='ltr'><strong>est</strong></span> <span class='ocrx_word' id='word_1_512' title='bbox 878 4030 1128 4085; x_wconf 82' lang='lat' dir='ltr'><strong>quamam</strong></span> <span class='ocrx_word' id='word_1_513' title='bbox 1166 4015 1257 4067; x_wconf 88' lang='lat' dir='ltr'><strong>illa</strong></span> <span class='ocrx_word' id='word_1_514' title='bbox 1288 4015 1359 4068; x_wconf 90' lang='lat' dir='ltr'><strong>sit</strong></span> <span class='ocrx_word' id='word_1_515' title='bbox 1410 4029 1424 4066; x_wconf 91' lang='lat'><strong>:</strong></span> <span class='ocrx_word' id='word_1_516' title='bbox 1466 4014 1608 4077; x_wconf 70' lang='lat' dir='ltr'><strong>llmc,</strong></span> <span class='ocrx_word' id='word_1_517' title='bbox 1640 4012 1841 4082; x_wconf 90' lang='lat' dir='ltr'><strong>inquit,</strong></span> <span class='ocrx_word' id='word_1_518' title='bbox 1872 4020 1957 4067; x_wconf 90' lang='lat' dir='ltr'><strong>est</strong></span> <span class='ocrx_word' id='word_1_519' title='bbox 1982 4012 2127 4081; x_wconf 92' lang='lat' dir='ltr'><strong>quod</strong></span> <span class='ocrx_word' id='word_1_520' title='bbox 2154 4026 2333 4080; x_wconf 88' lang='lat' dir='ltr'><strong>neque</strong></span> 
     </span>
    </p>
   </div>
   <div class='ocr_carea' id='block_1_71' title="bbox 755 4103 2331 4177">
    <p class='ocr_par' dir='ltr' id='par_1_71' title="bbox 755 4103 2331 4177">
     <span class='ocr_line' id='line_1_72' title="bbox 755 4103 2331 4177; baseline -0.004 -16"><span class='ocrx_word' id='word_1_521' title='bbox 755 4110 841 4161; x_wconf 71' lang='lat' dir='ltr'><strong>vir</strong></span> <span class='ocrx_word' id='word_1_522' title='bbox 871 4123 1047 4177; x_wconf 92' lang='lat' dir='ltr'><strong>neque</strong></span> <span class='ocrx_word' id='word_1_523' title='bbox 1076 4122 1212 4160; x_wconf 87' lang='lat' dir='ltr'><strong>uxor</strong></span> <span class='ocrx_word' id='word_1_524' title='bbox 1253 4106 1336 4158; x_wconf 91' lang='lat' dir='ltr'><strong>sui</strong></span> <span class='ocrx_word' id='word_1_525' title='bbox 1368 4105 1616 4174; x_wconf 90' lang='lat' dir='ltr'><strong>corporis</strong></span> <span class='ocrx_word' id='word_1_526' title='bbox 1642 4106 1731 4175; x_wconf 85' lang='lat' dir='ltr'><strong>jus</strong></span> <span class='ocrx_word' id='word_1_527' title='bbox 1775 4104 2002 4167; x_wconf 87' lang='lat' dir='ltr'><strong>habent,</strong></span> <span class='ocrx_word' id='word_1_528' title='bbox 2034 4103 2129 4158; x_wconf 91' lang='lat' dir='ltr'><strong>sed</strong></span> <span class='ocrx_word' id='word_1_529' title='bbox 2166 4104 2331 4172; x_wconf 87' lang='lat' dir='ltr'><strong>hujus</strong></span> 
     </span>
    </p>
   </div>
   <div class='ocr_carea' id='block_1_72' title="bbox 752 4192 2334 4263">
    <p class='ocr_par' dir='ltr' id='par_1_72' title="bbox 752 4192 2334 4263">
     <span class='ocr_line' id='line_1_73' title="bbox 752 4192 2334 4263; baseline 0 -17"><span class='ocrx_word' id='word_1_530' title='bbox 752 4196 843 4263; x_wconf 90' lang='lat' dir='ltr'><strong>jus</strong></span> <span class='ocrx_word' id='word_1_531' title='bbox 885 4194 1025 4247; x_wconf 88' lang='lat' dir='ltr'><strong>alter</strong></span> <span class='ocrx_word' id='word_1_532' title='bbox 1074 4193 1263 4246; x_wconf 89' lang='lat' dir='ltr'><strong>habet.</strong></span> <span class='ocrx_word' id='word_1_533' title='bbox 1296 4192 1525 4247; x_wconf 81' lang='lat' dir='ltr'><strong>Videtur</strong></span> <span class='ocrx_word' id='word_1_534' title='bbox 1557 4201 1739 4246; x_wconf 88' lang='lat' dir='ltr'><strong>autem</strong></span> <span class='ocrx_word' id='word_1_535' title='bbox 1784 4192 2167 4247; x_wconf 86' lang='lat' dir='ltr'><strong>benevolentia</strong></span> <span class='ocrx_word' id='word_1_536' title='bbox 2214 4207 2334 4246; x_wconf 90' lang='lat' dir='ltr'><strong>esse</strong></span> 
     </span>
    </p>
   </div>
   <div class='ocr_carea' id='block_1_73' title="bbox 759 4284 2336 4349">
    <p class='ocr_par' dir='ltr' id='par_1_73' title="bbox 759 4284 2336 4349">
     <span class='ocr_line' id='line_1_74' title="bbox 759 4284 2336 4349; baseline 0 -10"><span class='ocrx_word' id='word_1_537' title='bbox 759 4288 1017 4349; x_wconf 79' lang='lat' dir='ltr'><strong>amicitia,</strong></span> <span class='ocrx_word' id='word_1_538' title='bbox 1052 4294 1105 4338; x_wconf 71' lang='lat' dir='ltr'><strong>et</strong></span> <span class='ocrx_word' id='word_1_539' title='bbox 1139 4285 1370 4338; x_wconf 85' lang='lat' dir='ltr'><strong>maxime</strong></span> <span class='ocrx_word' id='word_1_540' title='bbox 1418 4284 1718 4338; x_wconf 87' lang='lat' dir='ltr'><strong>benevolus</strong></span> <span class='ocrx_word' id='word_1_541' title='bbox 1747 4284 1923 4339; x_wconf 84' lang='lat' dir='ltr'><strong>ﬁdelis</strong></span> <span class='ocrx_word' id='word_1_542' title='bbox 1954 4285 2183 4340; x_wconf 90' lang='lat' dir='ltr'><strong>amicus.</strong></span> <span class='ocrx_word' id='word_1_543' title='bbox 2230 4285 2336 4339; x_wconf 82' lang='lat' dir='ltr'><strong>Ve-</strong></span> 
     </span>
    </p>
   </div>
   <div class='ocr_carea' id='block_1_74' title="bbox 758 4376 2329 4446">
    <p class='ocr_par' dir='ltr' id='par_1_74' title="bbox 758 4376 2329 4446">
     <span class='ocr_line' id='line_1_75' title="bbox 758 4376 2329 4446; baseline 0 -16"><span class='ocrx_word' id='word_1_544' title='bbox 758 4393 879 4430; x_wconf 92' lang='lat' dir='ltr'><strong>rum</strong></span> <span class='ocrx_word' id='word_1_545' title='bbox 908 4393 1071 4446; x_wconf 91' lang='lat' dir='ltr'><strong>quam</strong></span> <span class='ocrx_word' id='word_1_546' title='bbox 1100 4376 1173 4430; x_wconf 92' lang='lat' dir='ltr'><strong>ob</strong></span> <span class='ocrx_word' id='word_1_547' title='bbox 1212 4391 1432 4429; x_wconf 85' lang='lat' dir='ltr'><strong>causam</strong></span> <span class='ocrx_word' id='word_1_548' title='bbox 1466 4376 1518 4429; x_wconf 91' lang='lat' dir='ltr'><strong>in</strong></span> <span class='ocrx_word' id='word_1_549' title='bbox 1544 4376 1668 4430; x_wconf 86' lang='lat' dir='ltr'><strong>aliis</strong></span> <span class='ocrx_word' id='word_1_550' title='bbox 1693 4378 1814 4445; x_wconf 82' lang='lat' dir='ltr'><strong>plus</strong></span> <span class='ocrx_word' id='word_1_551' title='bbox 1837 4376 2028 4431; x_wconf 86' lang='lat' dir='ltr'><strong>tribuit</strong></span> <span class='ocrx_word' id='word_1_552' title='bbox 2052 4378 2193 4442; x_wconf 89' lang='lat' dir='ltr'><strong>viro,</strong></span> <span class='ocrx_word' id='word_1_553' title='bbox 2234 4376 2329 4430; x_wconf 89' lang='lat' dir='ltr'><strong>ubi</strong></span> 
     </span>
    </p>
   </div>
   <div class='ocr_carea' id='block_1_75' title="bbox 758 4467 2333 4537">
    <p class='ocr_par' dir='ltr' id='par_1_75' title="bbox 758 4467 2333 4537">
     <span class='ocr_line' id='line_1_76' title="bbox 758 4467 2333 4537; baseline 0.001 -17"><span class='ocrx_word' id='word_1_554' title='bbox 758 4469 826 4522; x_wconf 90' lang='lat' dir='ltr'><strong>de</strong></span> <span class='ocrx_word' id='word_1_555' title='bbox 876 4468 1220 4537; x_wconf 86' lang='lat' dir='ltr'><strong>subjectione</strong></span> <span class='ocrx_word' id='word_1_556' title='bbox 1269 4474 1326 4521; x_wconf 90' lang='lat' dir='ltr'><strong>et</strong></span> <span class='ocrx_word' id='word_1_557' title='bbox 1370 4474 1638 4536; x_wconf 87' lang='lat' dir='ltr'><strong>potestate</strong></span> <span class='ocrx_word' id='word_1_558' title='bbox 1677 4467 1779 4535; x_wconf 91' lang='lat' dir='ltr'><strong>ipsi</strong></span> <span class='ocrx_word' id='word_1_559' title='bbox 1826 4482 2009 4521; x_wconf 85' lang='lat' dir='ltr'><strong>sermo</strong></span> <span class='ocrx_word' id='word_1_560' title='bbox 2048 4478 2153 4530; x_wconf 85' lang='lat' dir='ltr'><strong>est,</strong></span> <span class='ocrx_word' id='word_1_561' title='bbox 2185 4483 2333 4521; x_wconf 88' lang='lat' dir='ltr'><strong>nunc</strong></span> 
     </span>
    </p>
   </div>
   <div class='ocr_carea' id='block_1_76' title="bbox 2445 3261 4021 3331">
    <p class='ocr_par' dir='ltr' id='par_1_76' title="bbox 2445 3261 4021 3331">
     <span class='ocr_line' id='line_1_77' title="bbox 2445 3261 4021 3331; baseline 0 -18"><span class='ocrx_word' id='word_1_562' title='bbox 2445 3280 2463 3313; x_wconf 75' lang='grc' dir='ltr'><strong>ι</strong></span> <span class='ocrx_word' id='word_1_563' title='bbox 2498 3264 2596 3315; x_wconf 85' lang='grc' dir='ltr'><strong>Διὰ</strong></span> <span class='ocrx_word' id='word_1_564' title='bbox 2640 3262 2696 3314; x_wconf 81' lang='grc' dir='ltr'>δὲ</span> <span class='ocrx_word' id='word_1_565' title='bbox 2726 3265 2823 3323; x_wconf 74' lang='grc' dir='ltr'>τὰς</span> <span class='ocrx_word' id='word_1_566' title='bbox 2871 3262 3154 3331; x_wconf 81' lang='grc' dir='ltr'>πορνείας.</span> <span class='ocrx_word' id='word_1_567' title='bbox 3194 3281 3211 3312; x_wconf 74' lang='grc' dir='ltr'><strong>ι</strong></span> <span class='ocrx_word' id='word_1_568' title='bbox 3256 3261 3407 3330; x_wconf 75' lang='grc' dir='ltr'><strong>Αὕτη</strong></span> <span class='ocrx_word' id='word_1_569' title='bbox 3432 3263 3465 3331; x_wconf 76' lang='grc' dir='ltr'>ἡ</span> <span class='ocrx_word' id='word_1_570' title='bbox 3490 3262 3584 3329; x_wconf 81' lang='grc' dir='ltr'>τῆς</span> <span class='ocrx_word' id='word_1_571' title='bbox 3611 3263 4021 3331; x_wconf 77' lang='grc' dir='ltr'>συγχωρήσεως</span> 
     </span>
    </p>
   </div>
   <div class='ocr_carea' id='block_1_77' title="bbox 2438 3354 4021 3423">
    <p class='ocr_par' dir='ltr' id='par_1_77' title="bbox 2438 3354 4021 3423">
     <span class='ocr_line' id='line_1_78' title="bbox 2438 3354 4021 3423; baseline -0.003 -15"><span class='ocrx_word' id='word_1_572' title='bbox 2438 3354 2607 3417; x_wconf 75' lang='grc' dir='ltr'>αἰτία,</span> <span class='ocrx_word' id='word_1_573' title='bbox 2642 3356 2720 3417; x_wconf 79' lang='grc' dir='ltr'><strong>εἰς</strong></span> <span class='ocrx_word' id='word_1_574' title='bbox 2754 3354 3084 3423; x_wconf 75' lang='grc' dir='ltr'>ἐγκράτειαν</span> <span class='ocrx_word' id='word_1_575' title='bbox 3109 3354 3435 3422; x_wconf 85' lang='grc' dir='ltr'>παρακαλεῖ.</span> <span class='ocrx_word' id='word_1_576' title='bbox 3470 3371 3488 3403; x_wconf 81' lang='grc' dir='ltr'><strong>ι</strong></span> <span class='ocrx_word' id='word_1_577' title='bbox 3518 3354 3629 3419; x_wconf 76' lang='grc' dir='ltr'><strong>Τὴν</strong></span> <span class='ocrx_word' id='word_1_578' title='bbox 3654 3354 4021 3421; x_wconf 70' lang='grc' dir='ltr'>ὀφειλομένην</span> 
     </span>
    </p>
   </div>
   <div class='ocr_carea' id='block_1_78' title="bbox 2436 3438 4021 3514">
    <p class='ocr_par' dir='ltr' id='par_1_78' title="bbox 2436 3438 4021 3514">
     <span class='ocr_line' id='line_1_79' title="bbox 2436 3438 4021 3514; baseline -0.002 -18"><span class='ocrx_word' id='word_1_579' title='bbox 2436 3438 2668 3498; x_wconf 75' lang='grc' dir='ltr'>εὖνοιαν.</span> <span class='ocrx_word' id='word_1_580' title='bbox 2723 3462 2741 3496; x_wconf 71' lang='grc' dir='ltr'><strong>ι</strong></span> <span class='ocrx_word' id='word_1_581' title='bbox 2785 3443 2995 3509; x_wconf 76' lang='grc' dir='ltr'>Ἔδειξε</span> <span class='ocrx_word' id='word_1_582' title='bbox 3042 3443 3201 3514; x_wconf 83' lang='grc' dir='ltr'>χρέος</span> <span class='ocrx_word' id='word_1_583' title='bbox 3236 3442 3403 3496; x_wconf 78' lang='grc' dir='ltr'>οὖσαν</span> <span class='ocrx_word' id='word_1_584' title='bbox 3433 3443 3531 3512; x_wconf 77' lang='grc' dir='ltr'>τὴν</span> <span class='ocrx_word' id='word_1_585' title='bbox 3560 3442 3795 3504; x_wconf 71' lang='grc' dir='ltr'>εὔνοιαν,</span> <span class='ocrx_word' id='word_1_586' title='bbox 3846 3444 4021 3511; x_wconf 65' lang='grc' dir='ltr'>ἧγουν</span> 
     </span>
    </p>
   </div>
   <div class='ocr_carea' id='block_1_79' title="bbox 2436 3531 4020 3603">
    <p class='ocr_par' dir='ltr' id='par_1_79' title="bbox 2436 3531 4020 3603">
     <span class='ocr_line' id='line_1_80' title="bbox 2436 3531 4020 3603; baseline -0.002 -18"><span class='ocrx_word' id='word_1_587' title='bbox 2436 3534 2535 3602; x_wconf 80' lang='grc' dir='ltr'><strong>τὴν</strong></span> <span class='ocrx_word' id='word_1_588' title='bbox 2569 3534 2752 3586; x_wconf 85' lang='grc' dir='ltr'>πίστιν</span> <span class='ocrx_word' id='word_1_589' title='bbox 2775 3534 2867 3586; x_wconf 75' lang='grc' dir='ltr'><strong>καὶ</strong></span> <span class='ocrx_word' id='word_1_590' title='bbox 2912 3534 3009 3603; x_wconf 78' lang='grc' dir='ltr'>τὴν</span> <span class='ocrx_word' id='word_1_591' title='bbox 3038 3533 3284 3603; x_wconf 78' lang='grc' dir='ltr'>ἀγάπην,</span> <span class='ocrx_word' id='word_1_592' title='bbox 3315 3532 3411 3585; x_wconf 72' lang='grc' dir='ltr'>καὶ</span> <span class='ocrx_word' id='word_1_593' title='bbox 3434 3532 3494 3585; x_wconf 81' lang='grc' dir='ltr'>οὐ</span> <span class='ocrx_word' id='word_1_594' title='bbox 3526 3531 3736 3599; x_wconf 77' lang='grc' dir='ltr'>δωρεὰν</span> <span class='ocrx_word' id='word_1_595' title='bbox 3772 3548 4020 3601; x_wconf 81' lang='grc' dir='ltr'>παρεχο-</span> 
     </span>
    </p>
   </div>
   <div class='ocr_carea' id='block_1_80' title="bbox 2441 3624 4020 3697">
    <p class='ocr_par' dir='ltr' id='par_1_80' title="bbox 2441 3624 4020 3697">
     <span class='ocr_line' id='line_1_81' title="bbox 2441 3624 4020 3697; baseline -0.001 -19"><span class='ocrx_word' id='word_1_596' title='bbox 2441 3628 2630 3697; x_wconf 78' lang='grc' dir='ltr'>μένην.</span> <span class='ocrx_word' id='word_1_597' title='bbox 2666 3644 2684 3678; x_wconf 83' lang='lat' dir='ltr'><strong>t</strong></span> <span class='ocrx_word' id='word_1_598' title='bbox 2730 3625 2964 3695; x_wconf 82' lang='grc' dir='ltr'>Ὁμοίως</span> <span class='ocrx_word' id='word_1_599' title='bbox 3006 3626 3060 3678; x_wconf 78' lang='grc' dir='ltr'><strong>δὲ</strong></span> <span class='ocrx_word' id='word_1_600' title='bbox 3097 3626 3190 3677; x_wconf 74' lang='grc' dir='ltr'><strong>καὶ</strong></span> <span class='ocrx_word' id='word_1_601' title='bbox 3228 3627 3255 3678; x_wconf 99' lang='lat'><strong>6</strong></span> <span class='ocrx_word' id='word_1_602' title='bbox 3284 3626 3421 3697; x_wconf 74' lang='grc' dir='ltr'>ἀνὴρ</span> <span class='ocrx_word' id='word_1_603' title='bbox 3456 3624 3549 3677; x_wconf 81' lang='grc' dir='ltr'><strong>τοῦ</strong></span> <span class='ocrx_word' id='word_1_604' title='bbox 3581 3625 3711 3677; x_wconf 73' lang='grc' dir='ltr'>ἰδίου</span> <span class='ocrx_word' id='word_1_605' title='bbox 3761 3625 4020 3694; x_wconf 77' lang='grc' dir='ltr'>σώματος</span> 
     </span>
    </p>
   </div>
   <div class='ocr_carea' id='block_1_81' title="bbox 2434 3716 4018 3788">
    <p class='ocr_par' dir='ltr' id='par_1_81' title="bbox 2434 3716 4018 3788">
     <span class='ocr_line' id='line_1_82' title="bbox 2434 3716 4018 3788; baseline -0.003 -16"><span class='ocrx_word' id='word_1_606' title='bbox 2434 3720 2535 3772; x_wconf 75' lang='grc' dir='ltr'><strong>οὐκ</strong></span> <span class='ocrx_word' id='word_1_607' title='bbox 2584 3718 2909 3782; x_wconf 71' lang='grc' dir='ltr'>ἐξουσιάζει.</span> <span class='ocrx_word' id='word_1_608' title='bbox 2949 3738 2966 3770; x_wconf 77' lang='lat' dir='ltr'><strong>s</strong></span> <span class='ocrx_word' id='word_1_609' title='bbox 3005 3720 3223 3787; x_wconf 82' lang='grc' dir='ltr'>Ἐπειδὴ</span> <span class='ocrx_word' id='word_1_610' title='bbox 3257 3716 3397 3782; x_wconf 79' lang='grc' dir='ltr'>εἶπε,</span> <span class='ocrx_word' id='word_1_611' title='bbox 3437 3737 3455 3770; x_wconf 83' lang='grc' dir='ltr'><strong>ι</strong></span> <span class='ocrx_word' id='word_1_612' title='bbox 3509 3719 3619 3788; x_wconf 76' lang='grc' dir='ltr'>Τὴν</span> <span class='ocrx_word' id='word_1_613' title='bbox 3650 3718 4018 3786; x_wconf 73' lang='grc' dir='ltr'>ὀφειλομένην</span> 
     </span>
    </p>
   </div>
   <div class='ocr_carea' id='block_1_82' title="bbox 2434 3810 4021 3882">
    <p class='ocr_par' dir='ltr' id='par_1_82' title="bbox 2434 3810 4021 3882">
     <span class='ocr_line' id='line_1_83' title="bbox 2434 3810 4021 3882; baseline -0.003 -17"><span class='ocrx_word' id='word_1_614' title='bbox 2434 3811 2668 3875; x_wconf 69' lang='grc' dir='ltr'>εὔνοιαν,</span> <span class='ocrx_word' id='word_1_615' title='bbox 2712 3831 2728 3863; x_wconf 72' lang='grc' dir='ltr'><strong>ο</strong></span> <span class='ocrx_word' id='word_1_616' title='bbox 2766 3814 3077 3882; x_wconf 79' lang='grc' dir='ltr'>ἡρμήνευσε</span> <span class='ocrx_word' id='word_1_617' title='bbox 3118 3811 3433 3866; x_wconf 82' lang='grc' dir='ltr'>ποίαὲστίν.</span> <span class='ocrx_word' id='word_1_618' title='bbox 3460 3811 3629 3880; x_wconf 72' lang='grc' dir='ltr'>Αὕτη,</span> <span class='ocrx_word' id='word_1_619' title='bbox 3658 3815 3848 3879; x_wconf 76' lang='grc' dir='ltr'>φησίν·</span> <span class='ocrx_word' id='word_1_620' title='bbox 3876 3810 4021 3863; x_wconf 77' lang='grc' dir='ltr'>Οὔτε</span> 
     </span>
    </p>
   </div>
   <div class='ocr_carea' id='block_1_83' title="bbox 2437 3902 4019 3975">
    <p class='ocr_par' dir='ltr' id='par_1_83' title="bbox 2437 3902 4019 3975">
     <span class='ocr_line' id='line_1_84' title="bbox 2437 3902 4019 3975; baseline -0.003 -18"><span class='ocrx_word' id='word_1_621' title='bbox 2437 3905 2599 3975; x_wconf 80' lang='grc' dir='ltr'>ἀνὴρ,</span> <span class='ocrx_word' id='word_1_622' title='bbox 2628 3904 2750 3957; x_wconf 70' lang='grc' dir='ltr'>οὔτε</span> <span class='ocrx_word' id='word_1_623' title='bbox 2802 3906 2941 3974; x_wconf 83' lang='grc' dir='ltr'>γυνὴ</span> <span class='ocrx_word' id='word_1_624' title='bbox 2989 3904 3082 3957; x_wconf 88' lang='grc' dir='ltr'><strong>τοῦ</strong></span> <span class='ocrx_word' id='word_1_625' title='bbox 3120 3904 3251 3956; x_wconf 77' lang='grc' dir='ltr'>ἰδίου</span> <span class='ocrx_word' id='word_1_626' title='bbox 3295 3904 3545 3974; x_wconf 85' lang='grc' dir='ltr'>σώματος</span> <span class='ocrx_word' id='word_1_627' title='bbox 3585 3902 4019 3967; x_wconf 70' lang='grc' dir='ltr'>ὲξουσιάζουσιν,</span> 
     </span>
    </p>
   </div>
   <div class='ocr_carea' id='block_1_84' title="bbox 2436 3994 4023 4065">
    <p class='ocr_par' dir='ltr' id='par_1_84' title="bbox 2436 3994 4023 4065">
     <span class='ocr_line' id='line_1_85' title="bbox 2436 3994 4023 4065; baseline -0.002 -17"><span class='ocrx_word' id='word_1_628' title='bbox 2436 3995 2574 4048; x_wconf 71' lang='grc' dir='ltr'>ἀλλὰ</span> <span class='ocrx_word' id='word_1_629' title='bbox 2604 3994 2702 4065; x_wconf 84' lang='grc' dir='ltr'>τὴν</span> <span class='ocrx_word' id='word_1_630' title='bbox 2727 3994 2917 4048; x_wconf 82' lang='grc' dir='ltr'>τούτου</span> <span class='ocrx_word' id='word_1_631' title='bbox 2951 3995 3201 4059; x_wconf 75' lang='grc' dir='ltr'>ἐξουσίαν</span> <span class='ocrx_word' id='word_1_632' title='bbox 3231 3997 3258 4048; x_wconf 92' lang='lat'><strong>6</strong></span> <span class='ocrx_word' id='word_1_633' title='bbox 3283 3994 3469 4065; x_wconf 78' lang='grc' dir='ltr'>ἕτερος</span> <span class='ocrx_word' id='word_1_634' title='bbox 3504 3994 3639 4063; x_wconf 77' lang='grc' dir='ltr'>ἔχει,</span> <span class='ocrx_word' id='word_1_635' title='bbox 3683 3995 3793 4047; x_wconf 73' lang='grc' dir='ltr'>Καὶ</span> <span class='ocrx_word' id='word_1_636' title='bbox 3828 3994 4023 4061; x_wconf 70' lang='grc' dir='ltr'>φαίνεο</span> 
     </span>
    </p>
   </div>
   <div class='ocr_carea' id='block_1_85' title="bbox 2434 4082 4021 4153">
    <p class='ocr_par' dir='ltr' id='par_1_85' title="bbox 2434 4082 4021 4153">
     <span class='ocr_line' id='line_1_86' title="bbox 2434 4082 4021 4153; baseline -0.001 -17"><span class='ocrx_word' id='word_1_637' title='bbox 2434 4102 2525 4137; x_wconf 83' lang='grc' dir='ltr'><strong>ται</strong></span> <span class='ocrx_word' id='word_1_638' title='bbox 2554 4082 2735 4136; x_wconf 80' lang='grc' dir='ltr'>εῦνοια</span> <span class='ocrx_word' id='word_1_639' title='bbox 2785 4084 2818 4153; x_wconf 82' lang='grc' dir='ltr'>ἡ</span> <span class='ocrx_word' id='word_1_640' title='bbox 2857 4084 3028 4151; x_wconf 83' lang='grc' dir='ltr'>φιλία,</span> <span class='ocrx_word' id='word_1_641' title='bbox 3065 4084 3417 4147; x_wconf 80' lang='grc' dir='ltr'>εὐνούστατος</span> <span class='ocrx_word' id='word_1_642' title='bbox 3450 4087 3477 4137; x_wconf 92' lang='lat'><strong>6</strong></span> <span class='ocrx_word' id='word_1_643' title='bbox 3506 4086 3695 4147; x_wconf 77' lang='grc' dir='ltr'>πιστὸς</span> <span class='ocrx_word' id='word_1_644' title='bbox 3728 4084 3907 4151; x_wconf 79' lang='grc' dir='ltr'>φίλος.</span> <span class='ocrx_word' id='word_1_645' title='bbox 3954 4084 4021 4135; x_wconf 90' lang='grc' dir='ltr'><strong>Τί</strong></span> 
     </span>
    </p>
   </div>
   <div class='ocr_carea' id='block_1_86' title="bbox 2435 4175 4022 4246">
    <p class='ocr_par' dir='ltr' id='par_1_86' title="bbox 2435 4175 4022 4246">
     <span class='ocr_line' id='line_1_87' title="bbox 2435 4175 4022 4246; baseline -0.001 -18"><span class='ocrx_word' id='word_1_646' title='bbox 2435 4176 2497 4246; x_wconf 86' lang='grc' dir='ltr'>δή</span> <span class='ocrx_word' id='word_1_647' title='bbox 2525 4193 2653 4229; x_wconf 82' lang='grc' dir='ltr'>ποτε</span> <span class='ocrx_word' id='word_1_648' title='bbox 2686 4176 2743 4229; x_wconf 68' lang='grc' dir='ltr'>δὲ</span> <span class='ocrx_word' id='word_1_649' title='bbox 2769 4178 2825 4231; x_wconf 79' lang='grc' dir='ltr'>ὲν</span> <span class='ocrx_word' id='word_1_650' title='bbox 2860 4178 2957 4246; x_wconf 80' lang='grc' dir='ltr'>μὲν</span> <span class='ocrx_word' id='word_1_651' title='bbox 2977 4178 3090 4239; x_wconf 85' lang='grc' dir='ltr'>τοῖς</span> <span class='ocrx_word' id='word_1_652' title='bbox 3122 4177 3301 4239; x_wconf 83' lang='grc' dir='ltr'>ἄλλοις</span> <span class='ocrx_word' id='word_1_653' title='bbox 3333 4176 3394 4228; x_wconf 82' lang='grc' dir='ltr'><strong>τὸ</strong></span> <span class='ocrx_word' id='word_1_654' title='bbox 3418 4176 3578 4228; x_wconf 85' lang='grc' dir='ltr'>πλέον</span> <span class='ocrx_word' id='word_1_655' title='bbox 3611 4175 3793 4227; x_wconf 79' lang='grc' dir='ltr'>δίδωσι</span> <span class='ocrx_word' id='word_1_656' title='bbox 3818 4175 3897 4242; x_wconf 84' lang='grc' dir='ltr'><strong>τῷ</strong></span> <span class='ocrx_word' id='word_1_657' title='bbox 3926 4177 4022 4227; x_wconf 67' lang='grc' dir='ltr'>ἀνι</span> 
     </span>
    </p>
   </div>
   <div class='ocr_carea' id='block_1_87' title="bbox 2437 4267 4019 4339">
    <p class='ocr_par' dir='ltr' id='par_1_87' title="bbox 2437 4267 4019 4339">
     <span class='ocr_line' id='line_1_88' title="bbox 2437 4267 4019 4339; baseline -0.004 -18"><span class='ocrx_word' id='word_1_658' title='bbox 2437 4269 2523 4338; x_wconf 77' lang='grc' dir='ltr'>δρὶ</span> <span class='ocrx_word' id='word_1_659' title='bbox 2553 4268 2681 4321; x_wconf 73' lang='grc' dir='ltr'>ἔνθα</span> <span class='ocrx_word' id='word_1_660' title='bbox 2714 4269 2840 4339; x_wconf 72' lang='grc' dir='ltr'>περὶ</span> <span class='ocrx_word' id='word_1_661' title='bbox 2870 4270 3146 4337; x_wconf 80' lang='grc' dir='ltr'>ὑποταγῆς</span> <span class='ocrx_word' id='word_1_662' title='bbox 3174 4270 3265 4321; x_wconf 73' lang='grc' dir='ltr'>καὶ</span> <span class='ocrx_word' id='word_1_663' title='bbox 3309 4268 3555 4331; x_wconf 76' lang='grc' dir='ltr'>ἐξουσίας</span> <span class='ocrx_word' id='word_1_664' title='bbox 3584 4270 3610 4319; x_wconf 86' lang='lat'><strong>6</strong></span> <span class='ocrx_word' id='word_1_665' title='bbox 3643 4267 3800 4331; x_wconf 57' lang='grc' dir='ltr'>λόχος</span> <span class='ocrx_word' id='word_1_666' title='bbox 3842 4267 4019 4333; x_wconf 79' lang='grc' dir='ltr'>αὐτῷ,</span> 
     </span>
    </p>
   </div>
   <div class='ocr_carea' id='block_1_88' title="bbox 2436 4360 4019 4432">
    <p class='ocr_par' dir='ltr' id='par_1_88' title="bbox 2436 4360 4019 4432">
     <span class='ocr_line' id='line_1_89' title="bbox 2436 4360 4019 4432; baseline -0.003 -19"><span class='ocrx_word' id='word_1_667' title='bbox 2436 4362 2530 4415; x_wconf 84' lang='grc' dir='ltr'><strong>νῦν</strong></span> <span class='ocrx_word' id='word_1_668' title='bbox 2554 4362 2608 4415; x_wconf 81' lang='grc' dir='ltr'>δὲ</span> <span class='ocrx_word' id='word_1_669' title='bbox 2634 4362 2732 4432; x_wconf 73' lang='grc' dir='ltr'><strong>τὴν</strong></span> <span class='ocrx_word' id='word_1_670' title='bbox 2761 4363 2982 4431; x_wconf 70' lang='grc' dir='ltr'>ἰσότητα</span> <span class='ocrx_word' id='word_1_671' title='bbox 3015 4361 3218 4425; x_wconf 80' lang='grc' dir='ltr'>ἓδωκε;</span> <span class='ocrx_word' id='word_1_672' title='bbox 3261 4360 3367 4412; x_wconf 82' lang='grc' dir='ltr'>Καί</span> <span class='ocrx_word' id='word_1_673' title='bbox 3398 4374 3598 4428; x_wconf 71' lang='grc' dir='ltr'>φαμεν,</span> <span class='ocrx_word' id='word_1_674' title='bbox 3630 4360 3711 4410; x_wconf 79' lang='grc' dir='ltr'>ὅτι</span> <span class='ocrx_word' id='word_1_675' title='bbox 3744 4360 3863 4411; x_wconf 66' lang='grc' dir='ltr'>ἐκεῖ</span> <span class='ocrx_word' id='word_1_676' title='bbox 3894 4361 4019 4427; x_wconf 79' lang='grc' dir='ltr'>μὲν,</span> 
     </span>
    </p>
   </div>
   <div class='ocr_carea' id='block_1_89' title="bbox 2440 4449 4019 4523">
    <p class='ocr_par' dir='ltr' id='par_1_89' title="bbox 2440 4449 4019 4523">
     <span class='ocr_line' id='line_1_90' title="bbox 2440 4449 4019 4523; baseline -0.002 -20"><span class='ocrx_word' id='word_1_677' title='bbox 2440 4452 2566 4521; x_wconf 80' lang='grc' dir='ltr'>περὶ</span> <span class='ocrx_word' id='word_1_678' title='bbox 2598 4452 2687 4505; x_wconf 81' lang='grc' dir='ltr'><strong>τοῦ</strong></span> <span class='ocrx_word' id='word_1_679' title='bbox 2720 4451 2950 4523; x_wconf 76' lang='grc' dir='ltr'>ἀρχικοῦ</span> <span class='ocrx_word' id='word_1_680' title='bbox 2983 4453 3011 4502; x_wconf 92' lang='lat'><strong>6</strong></span> <span class='ocrx_word' id='word_1_681' title='bbox 3058 4451 3217 4519; x_wconf 83' lang='grc' dir='ltr'>λόγος</span> <span class='ocrx_word' id='word_1_682' title='bbox 3253 4450 3425 4519; x_wconf 85' lang='grc' dir='ltr'>αὐτῷ,</span> <span class='ocrx_word' id='word_1_683' title='bbox 3462 4450 3556 4501; x_wconf 90' lang='grc' dir='ltr'><strong>νῦν</strong></span> <span class='ocrx_word' id='word_1_684' title='bbox 3592 4449 3670 4511; x_wconf 76' lang='grc' dir='ltr'>δὲ,</span> <span class='ocrx_word' id='word_1_685' title='bbox 3726 4450 3855 4518; x_wconf 74' lang='grc' dir='ltr'>περὶ</span> <span class='ocrx_word' id='word_1_686' title='bbox 3908 4466 4019 4500; x_wconf 78' lang='grc' dir='ltr'>σωο</span> 
     </span>
    </p>
   </div>
   <div class='ocr_carea' id='block_1_90' title="bbox 759 4537 2336 4629">
    <p class='ocr_par' dir='ltr' id='par_1_90' title="bbox 759 4558 2335 4629">
     <span class='ocr_line' id='line_1_91' title="bbox 759 4558 2335 4629; baseline 0 -16"><span class='ocrx_word' id='word_1_687' title='bbox 759 4569 940 4614; x_wconf 83' lang='lat' dir='ltr'><strong>autent</strong></span> <span class='ocrx_word' id='word_1_688' title='bbox 970 4560 1338 4629; x_wconf 77' lang='lat' dir='ltr'><strong>aequalitatem</strong></span> <span class='ocrx_word' id='word_1_689' title='bbox 1370 4558 1557 4613; x_wconf 85' lang='lat' dir='ltr'><strong>dedit?</strong></span> <span class='ocrx_word' id='word_1_690' title='bbox 1604 4558 1670 4613; x_wconf 88' lang='lat' dir='ltr'><strong>Et</strong></span> <span class='ocrx_word' id='word_1_691' title='bbox 1708 4558 1944 4613; x_wconf 91' lang='lat' dir='ltr'><strong>dicimus</strong></span> <span class='ocrx_word' id='word_1_692' title='bbox 1965 4558 2110 4628; x_wconf 92' lang='lat' dir='ltr'><strong>quod</strong></span> <span class='ocrx_word' id='word_1_693' title='bbox 2158 4558 2235 4613; x_wconf 88' lang='lat' dir='ltr'><strong>ibi</strong></span> <span class='ocrx_word' id='word_1_694' title='bbox 2266 4560 2335 4613; x_wconf 85' lang='lat' dir='ltr'><strong>de</strong></span> 
     </span>
    </p>
   </div>
   <div class='ocr_carea' id='block_1_91' title="bbox 2439 4537 4020 4629">
    <p class='ocr_par' dir='ltr' id='par_1_91' title="bbox 2439 4537 4020 4616">
     <span class='ocr_line' id='line_1_92' title="bbox 2439 4537 4020 4616; baseline -0.006 -18"><span class='ocrx_word' id='word_1_695' title='bbox 2439 4544 2734 4616; x_wconf 77' lang='grc' dir='ltr'>φροσύνης,</span> <span class='ocrx_word' id='word_1_696' title='bbox 2780 4546 2835 4597; x_wconf 83' lang='grc' dir='ltr'>ὲν</span> <span class='ocrx_word' id='word_1_697' title='bbox 2933 4543 3111 4606; x_wconf 75' lang='grc' dir='ltr'>οὐδεὶς</span> <span class='ocrx_word' id='word_1_698' title='bbox 3142 4542 3203 4595; x_wconf 80' lang='grc' dir='ltr'><strong>τὸ</strong></span> <span class='ocrx_word' id='word_1_699' title='bbox 3242 4542 3404 4595; x_wconf 80' lang='grc' dir='ltr'>πλέον</span> <span class='ocrx_word' id='word_1_700' title='bbox 3447 4540 3479 4612; x_wconf 81' lang='grc' dir='ltr'>ἢ</span> <span class='ocrx_word' id='word_1_701' title='bbox 3508 4541 3568 4593; x_wconf 78' lang='grc' dir='ltr'><strong>τὸ</strong></span> <span class='ocrx_word' id='word_1_702' title='bbox 3620 4541 3842 4594; x_wconf 76' lang='grc' dir='ltr'>ἔλαττον</span> <span class='ocrx_word' id='word_1_703' title='bbox 3874 4542 4020 4610; x_wconf 74' lang='grc' dir='ltr'>ἔχειν</span> 
     </span>
    </p>
   </div>
   <div class='ocr_carea' id='block_1_92' title="bbox 764 4650 2330 4719">
    <p class='ocr_par' dir='ltr' id='par_1_92' title="bbox 764 4650 2330 4719">
     <span class='ocr_line' id='line_1_93' title="bbox 764 4650 2330 4719; baseline 0.001 -16"><span class='ocrx_word' id='word_1_704' title='bbox 764 4651 1027 4718; x_wconf 85' lang='lat' dir='ltr'><strong>primario</strong></span> <span class='ocrx_word' id='word_1_705' title='bbox 1067 4650 1167 4719; x_wconf 90' lang='lat' dir='ltr'><strong>ipsi</strong></span> <span class='ocrx_word' id='word_1_706' title='bbox 1202 4665 1385 4705; x_wconf 89' lang='lat' dir='ltr'><strong>sermo</strong></span> <span class='ocrx_word' id='word_1_707' title='bbox 1407 4659 1510 4714; x_wconf 89' lang='lat' dir='ltr'><strong>est,</strong></span> <span class='ocrx_word' id='word_1_708' title='bbox 1543 4666 1691 4704; x_wconf 89' lang='lat' dir='ltr'><strong>nunc</strong></span> <span class='ocrx_word' id='word_1_709' title='bbox 1714 4666 1844 4704; x_wconf 80' lang='lat' dir='ltr'><strong>vero</strong></span> <span class='ocrx_word' id='word_1_710' title='bbox 1870 4650 1937 4705; x_wconf 87' lang='lat' dir='ltr'><strong>de</strong></span> <span class='ocrx_word' id='word_1_711' title='bbox 1969 4651 2330 4718; x_wconf 88' lang='lat' dir='ltr'><strong>continentia,</strong></span> 
     </span>
    </p>
   </div>
   <div class='ocr_carea' id='block_1_93' title="bbox 760 4743 2098 4811">
    <p class='ocr_par' dir='ltr' id='par_1_93' title="bbox 760 4743 2098 4811">
     <span class='ocr_line' id='line_1_94' title="bbox 760 4743 2098 4811; baseline -0.001 -15"><span class='ocrx_word' id='word_1_712' title='bbox 760 4744 813 4796; x_wconf 81' lang='lat' dir='ltr'><strong>in</strong></span> <span class='ocrx_word' id='word_1_713' title='bbox 847 4758 952 4811; x_wconf 87' lang='lat' dir='ltr'><strong>qua</strong></span> <span class='ocrx_word' id='word_1_714' title='bbox 982 4751 1180 4795; x_wconf 92' lang='lat' dir='ltr'><strong>neuter</strong></span> <span class='ocrx_word' id='word_1_715' title='bbox 1204 4743 1327 4811; x_wconf 90' lang='lat' dir='ltr'><strong>plus</strong></span> <span class='ocrx_word' id='word_1_716' title='bbox 1354 4752 1448 4797; x_wconf 90' lang='lat' dir='ltr'><strong>aut</strong></span> <span class='ocrx_word' id='word_1_717' title='bbox 1475 4743 1656 4796; x_wconf 90' lang='lat' dir='ltr'><strong>minus</strong></span> <span class='ocrx_word' id='word_1_718' title='bbox 1681 4743 1884 4796; x_wconf 85' lang='lat' dir='ltr'><strong>habere</strong></span> <span class='ocrx_word' id='word_1_719' title='bbox 1914 4743 2098 4797; x_wconf 90' lang='lat' dir='ltr'><strong>debet.</strong></span> 
     </span>
    </p>
   </div>
   <div class='ocr_carea' id='block_1_94' title="bbox 834 4836 2335 4906">
    <p class='ocr_par' dir='ltr' id='par_1_94' title="bbox 834 4836 2335 4906">
     <span class='ocr_line' id='line_1_95' title="bbox 834 4836 2335 4906; baseline 0 -17"><span class='ocrx_word' id='word_1_720' title='bbox 834 4838 941 4898; x_wconf 70' lang='lat' dir='ltr'><strong>VII,</strong></span> <span class='ocrx_word' id='word_1_721' title='bbox 979 4837 1035 4900; x_wconf 83' lang='lat'><strong>5,</strong></span> <span class='ocrx_word' id='word_1_722' title='bbox 1062 4838 1114 4889; x_wconf 88' lang='lat'><strong>7.</strong></span> <span class='ocrx_word' id='word_1_723' title='bbox 1140 4836 1219 4890; x_wconf 85' lang='lat' dir='ltr'><strong>Ne</strong></span> <span class='ocrx_word' id='word_1_724' title='bbox 1243 4836 1500 4905; x_wconf 81' lang='lat' dir='ltr'><strong>fraudetis</strong></span> <span class='ocrx_word' id='word_1_725' title='bbox 1527 4853 1613 4889; x_wconf 76' lang='lat' dir='ltr'><strong>vos</strong></span> <span class='ocrx_word' id='word_1_726' title='bbox 1641 4838 1879 4900; x_wconf 76' lang='lat' dir='ltr'><strong>invicem,</strong></span> <span class='ocrx_word' id='word_1_727' title='bbox 1912 4838 2011 4890; x_wconf 84' lang='lat' dir='ltr'><strong>nisi</strong></span> <span class='ocrx_word' id='word_1_728' title='bbox 2048 4838 2093 4890; x_wconf 87' lang='lat' dir='ltr'><strong>si</strong></span> <span class='ocrx_word' id='word_1_729' title='bbox 2126 4838 2251 4906; x_wconf 86' lang='lat' dir='ltr'><strong>quid</strong></span> <span class='ocrx_word' id='word_1_730' title='bbox 2273 4854 2335 4890; x_wconf 80' lang='lat' dir='ltr'><strong>ex</strong></span> 
     </span>
    </p>
   </div>
   <div class='ocr_carea' id='block_1_95' title="bbox 758 4927 2331 4998">
    <p class='ocr_par' dir='ltr' id='par_1_95' title="bbox 758 4927 2331 4998">
     <span class='ocr_line' id='line_1_96' title="bbox 758 4927 2331 4998; baseline 0.003 -21"><span class='ocrx_word' id='word_1_731' title='bbox 758 4944 1016 4979; x_wconf 76' lang='lat' dir='ltr'><strong>ronsensu</strong></span> <span class='ocrx_word' id='word_1_732' title='bbox 1054 4927 1123 4979; x_wconf 87' lang='lat' dir='ltr'><strong>ad</strong></span> <span class='ocrx_word' id='word_1_733' title='bbox 1160 4936 1386 4997; x_wconf 86' lang='lat' dir='ltr'><strong>tempus,</strong></span> <span class='ocrx_word' id='word_1_734' title='bbox 1429 4936 1484 4980; x_wconf 87' lang='lat' dir='ltr'><strong>ut</strong></span> <span class='ocrx_word' id='word_1_735' title='bbox 1510 4931 1699 4981; x_wconf 87' lang='lat' dir='ltr'><strong>vacetis</strong></span> <span class='ocrx_word' id='word_1_736' title='bbox 1718 4928 1929 4998; x_wconf 83' lang='lat' dir='ltr'><strong>jejunio</strong></span> <span class='ocrx_word' id='word_1_737' title='bbox 1969 4940 2017 4982; x_wconf 86' lang='lat' dir='ltr'><strong>et</strong></span> <span class='ocrx_word' id='word_1_738' title='bbox 2056 4930 2331 4982; x_wconf 86' lang='lat' dir='ltr'><strong>orationi:</strong></span> 
     </span>
    </p>
   </div>
   <div class='ocr_carea' id='block_1_96' title="bbox 761 5020 2331 5089">
    <p class='ocr_par' dir='ltr' id='par_1_96' title="bbox 761 5020 2331 5089">
     <span class='ocr_line' id='line_1_97' title="bbox 761 5020 2331 5089; baseline 0.003 -18"><span class='ocrx_word' id='word_1_739' title='bbox 761 5035 1075 5089; x_wconf 80' lang='lat' dir='ltr'><strong>rursumque</strong></span> <span class='ocrx_word' id='word_1_740' title='bbox 1108 5020 1162 5072; x_wconf 85' lang='lat' dir='ltr'><strong>in</strong></span> <span class='ocrx_word' id='word_1_741' title='bbox 1199 5036 1361 5071; x_wconf 87' lang='lat' dir='ltr'><strong>unum</strong></span> <span class='ocrx_word' id='word_1_742' title='bbox 1397 5021 1739 5082; x_wconf 76' lang='lat' dir='ltr'><strong>conveniatis,</strong></span> <span class='ocrx_word' id='word_1_743' title='bbox 1773 5037 1836 5073; x_wconf 86' lang='lat' dir='ltr'><strong>ne</strong></span> <span class='ocrx_word' id='word_1_744' title='bbox 1864 5029 2024 5073; x_wconf 76' lang='lat' dir='ltr'><strong>tentet</strong></span> <span class='ocrx_word' id='word_1_745' title='bbox 2052 5038 2136 5073; x_wconf 83' lang='lat' dir='ltr'><strong>vos</strong></span> <span class='ocrx_word' id='word_1_746' title='bbox 2167 5021 2331 5075; x_wconf 83' lang='lat' dir='ltr'><strong>Sata-</strong></span> 
     </span>
    </p>
   </div>
   <div class='ocr_carea' id='block_1_97' title="bbox 762 5111 2331 5179">
    <p class='ocr_par' dir='ltr' id='par_1_97' title="bbox 762 5111 2331 5179">
     <span class='ocr_line' id='line_1_98' title="bbox 762 5111 2331 5179; baseline 0.001 -17"><span class='ocrx_word' id='word_1_747' title='bbox 762 5127 857 5162; x_wconf 79' lang='lat' dir='ltr'><strong>nas</strong></span> <span class='ocrx_word' id='word_1_748' title='bbox 912 5120 1125 5179; x_wconf 80' lang='lat' dir='ltr'><strong>propter</strong></span> <span class='ocrx_word' id='word_1_749' title='bbox 1176 5111 1640 5179; x_wconf 85' lang='lat' dir='ltr'><strong>intemperantiam</strong></span> <span class='ocrx_word' id='word_1_750' title='bbox 1685 5121 1931 5164; x_wconf 84' lang='lat' dir='ltr'><strong>vestram.</strong></span> <span class='ocrx_word' id='word_1_751' title='bbox 1992 5112 2100 5164; x_wconf 82' lang='lat' dir='ltr'><strong>Hoc</strong></span> <span class='ocrx_word' id='word_1_752' title='bbox 2159 5122 2331 5164; x_wconf 87' lang='lat' dir='ltr'><strong>autem</strong></span> 
     </span>
    </p>
   </div>
   <div class='ocr_carea' id='block_1_98' title="bbox 761 5199 2331 5273">
    <p class='ocr_par' dir='ltr' id='par_1_98' title="bbox 761 5199 2331 5273">
     <span class='ocr_line' id='line_1_99' title="bbox 761 5199 2331 5273; baseline 0.005 -25"><span class='ocrx_word' id='word_1_753' title='bbox 761 5199 875 5253; x_wconf 78' lang='lat' dir='ltr'><strong>dico</strong></span> <span class='ocrx_word' id='word_1_754' title='bbox 913 5216 975 5253; x_wconf 73' lang='lat' dir='ltr'><strong>ex</strong></span> <span class='ocrx_word' id='word_1_755' title='bbox 1010 5202 1373 5269; x_wconf 83' lang='lat' dir='ltr'><strong>permissione,</strong></span> <span class='ocrx_word' id='word_1_756' title='bbox 1420 5218 1523 5253; x_wconf 89' lang='lat' dir='ltr'><strong>non</strong></span> <span class='ocrx_word' id='word_1_757' title='bbox 1565 5217 1627 5253; x_wconf 71' lang='lat' dir='ltr'><strong>ea:</strong></span> <span class='ocrx_word' id='word_1_758' title='bbox 1668 5214 1943 5271; x_wconf 71' lang='lat' dir='ltr'><strong>pra‘cepto.</strong></span> <span class='ocrx_word' id='word_1_759' title='bbox 1988 5202 2153 5273; x_wconf 61' lang='grc'><strong>476</strong></span> <span class='ocrx_word' id='word_1_760' title='bbox 2194 5203 2331 5256; x_wconf 84' lang='grc' dir='ltr'>Ναηι</span> 
     </span>
    </p>
   </div>
   <div class='ocr_carea' id='block_1_99' title="bbox 762 5292 2332 5362">
    <p class='ocr_par' dir='ltr' id='par_1_99' title="bbox 762 5292 2332 5362">
     <span class='ocr_line' id='line_1_100' title="bbox 762 5292 2332 5362; baseline 0.004 -21"><span class='ocrx_word' id='word_1_761' title='bbox 762 5307 1004 5357; x_wconf 83' lang='lat' dir='ltr'><strong>cuperem</strong></span> <span class='ocrx_word' id='word_1_762' title='bbox 1035 5307 1213 5344; x_wconf 86' lang='lat' dir='ltr'><strong>omnes</strong></span> <span class='ocrx_word' id='word_1_763' title='bbox 1256 5292 1486 5345; x_wconf 89' lang='lat' dir='ltr'><strong>homines</strong></span> <span class='ocrx_word' id='word_1_764' title='bbox 1528 5308 1637 5344; x_wconf 85' lang='lat' dir='ltr'><strong>esse</strong></span> <span class='ocrx_word' id='word_1_765' title='bbox 1674 5300 1729 5344; x_wconf 88' lang='lat' dir='ltr'><strong>ut</strong></span> <span class='ocrx_word' id='word_1_766' title='bbox 1784 5308 1877 5361; x_wconf 86' lang='lat' dir='ltr'><strong>ego</strong></span> <span class='ocrx_word' id='word_1_767' title='bbox 1912 5295 2020 5362; x_wconf 85' lang='lat' dir='ltr'><strong>ipse</strong></span> <span class='ocrx_word' id='word_1_768' title='bbox 2053 5311 2189 5347; x_wconf 89' lang='lat' dir='ltr'><strong>sum.</strong></span> <span class='ocrx_word' id='word_1_769' title='bbox 2229 5293 2332 5347; x_wconf 86' lang='lat' dir='ltr'><strong>Sed</strong></span> 
     </span>
    </p>
   </div>
   <div class='ocr_carea' id='block_1_100' title="bbox 762 5381 2332 5450">
    <p class='ocr_par' dir='ltr' id='par_1_100' title="bbox 762 5381 2332 5450">
     <span class='ocr_line' id='line_1_101' title="bbox 762 5381 2332 5450; baseline 0.004 -20"><span class='ocrx_word' id='word_1_770' title='bbox 762 5383 1116 5450; x_wconf 83' lang='lat' dir='ltr'><strong>unusquisque</strong></span> <span class='ocrx_word' id='word_1_771' title='bbox 1161 5381 1435 5449; x_wconf 84' lang='lat' dir='ltr'><strong>proprium</strong></span> <span class='ocrx_word' id='word_1_772' title='bbox 1475 5382 1671 5433; x_wconf 86' lang='lat' dir='ltr'><strong>donum</strong></span> <span class='ocrx_word' id='word_1_773' title='bbox 1727 5383 1879 5435; x_wconf 86' lang='lat' dir='ltr'><strong>habet</strong></span> <span class='ocrx_word' id='word_1_774' title='bbox 1916 5399 1979 5436; x_wconf 80' lang='lat' dir='ltr'><strong>ea:</strong></span> <span class='ocrx_word' id='word_1_775' title='bbox 2006 5382 2112 5435; x_wconf 88' lang='lat' dir='ltr'><strong>Deo</strong></span> <span class='ocrx_word' id='word_1_776' title='bbox 2146 5400 2163 5436; x_wconf 90' lang='lat'><em>:</em></span> <span class='ocrx_word' id='word_1_777' title='bbox 2196 5400 2332 5437; x_wconf 87' lang='lat' dir='ltr'><strong>unus</strong></span> 
     </span>
    </p>
   </div>
   <div class='ocr_carea' id='block_1_101' title="bbox 763 5472 1537 5541">
    <p class='ocr_par' dir='ltr' id='par_1_101' title="bbox 763 5472 1537 5541">
     <span class='ocr_line' id='line_1_102' title="bbox 763 5472 1537 5541; baseline 0.003 -18"><span class='ocrx_word' id='word_1_778' title='bbox 763 5473 969 5541; x_wconf 80' lang='lat' dir='ltr'><strong>quidem</strong></span> <span class='ocrx_word' id='word_1_779' title='bbox 1007 5472 1100 5531; x_wconf 80' lang='lat' dir='ltr'><strong>sic,</strong></span> <span class='ocrx_word' id='word_1_780' title='bbox 1135 5472 1269 5525; x_wconf 81' lang='lat' dir='ltr'><strong>alius</strong></span> <span class='ocrx_word' id='word_1_781' title='bbox 1294 5488 1414 5525; x_wconf 81' lang='lat' dir='ltr'><strong>vero</strong></span> <span class='ocrx_word' id='word_1_782' title='bbox 1445 5473 1537 5525; x_wconf 87' lang='lat' dir='ltr'><strong>sic.</strong></span> 
     </span>
    </p>
   </div>
   <div class='ocr_carea' id='block_1_102' title="bbox 830 5564 2332 5638">
    <p class='ocr_par' dir='ltr' id='par_1_102' title="bbox 830 5564 2332 5638">
     <span class='ocr_line' id='line_1_103' title="bbox 830 5564 2332 5638; baseline 0.003 -19"><span class='ocrx_word' id='word_1_783' title='bbox 830 5565 964 5619; x_wconf 69' lang='lat' dir='ltr'><strong>Vide</strong></span> <span class='ocrx_word' id='word_1_784' title='bbox 993 5564 1141 5635; x_wconf 93' lang='lat' dir='ltr'><strong>quod</strong></span> <span class='ocrx_word' id='word_1_785' title='bbox 1172 5572 1228 5618; x_wconf 90' lang='lat' dir='ltr'><strong>et</strong></span> <span class='ocrx_word' id='word_1_786' title='bbox 1257 5564 1347 5619; x_wconf 87' lang='lat' dir='ltr'><strong>hic</strong></span> <span class='ocrx_word' id='word_1_787' title='bbox 1390 5580 1610 5634; x_wconf 88' lang='lat' dir='ltr'><strong>quoque</strong></span> <span class='ocrx_word' id='word_1_788' title='bbox 1656 5566 1899 5621; x_wconf 88' lang='lat' dir='ltr'><strong>debitum</strong></span> <span class='ocrx_word' id='word_1_789' title='bbox 1943 5568 2332 5638; x_wconf 76' lang='lat' dir='ltr'><strong>signiﬁcaverit</strong></span> 
     </span>
    </p>
   </div>
   <div class='ocr_carea' id='block_1_103' title="bbox 762 5655 2325 5730">
    <p class='ocr_par' dir='ltr' id='par_1_103' title="bbox 762 5655 2325 5730">
     <span class='ocr_line' id='line_1_104' title="bbox 762 5655 2325 5730; baseline 0.004 -23"><span class='ocrx_word' id='word_1_790' title='bbox 762 5657 933 5709; x_wconf 75' lang='lat' dir='ltr'><strong>verbo</strong></span> <span class='ocrx_word' id='word_1_791' title='bbox 958 5677 973 5708; x_wconf 76' lang='grc' dir='ltr'><strong>ι</strong></span> <span class='ocrx_word' id='word_1_792' title='bbox 1007 5655 1309 5712; x_wconf 77' lang='lat' dir='ltr'><strong>Fraudare.</strong></span> <span class='ocrx_word' id='word_1_793' title='bbox 1338 5673 1359 5709; x_wconf 75' lang='grc' dir='ltr'><strong>ι</strong></span> <span class='ocrx_word' id='word_1_794' title='bbox 1383 5687 1449 5697; x_wconf 88' lang='grc'><strong>-</strong></span> <span class='ocrx_word' id='word_1_795' title='bbox 1476 5676 1493 5709; x_wconf 79' lang='grc' dir='ltr'><strong>ι</strong></span> <span class='ocrx_word' id='word_1_796' title='bbox 1528 5658 1643 5714; x_wconf 78' lang='lat' dir='ltr'><strong>Nisi</strong></span> <span class='ocrx_word' id='word_1_797' title='bbox 1669 5660 1716 5714; x_wconf 84' lang='lat' dir='ltr'><strong>si</strong></span> <span class='ocrx_word' id='word_1_798' title='bbox 1740 5660 1873 5730; x_wconf 89' lang='lat' dir='ltr'><strong>quid</strong></span> <span class='ocrx_word' id='word_1_799' title='bbox 1894 5676 1960 5715; x_wconf 83' lang='lat' dir='ltr'><strong>ex</strong></span> <span class='ocrx_word' id='word_1_800' title='bbox 1988 5676 2282 5717; x_wconf 83' lang='lat' dir='ltr'><strong>consensu.</strong></span> <span class='ocrx_word' id='word_1_801' title='bbox 2307 5680 2325 5713; x_wconf 76' lang='grc' dir='ltr'><strong>ι</strong></span> 
     </span>
    </p>
   </div>
   <div class='ocr_carea' id='block_1_104' title="bbox 838 5836 1719 5904">
    <p class='ocr_par' dir='ltr' id='par_1_104' title="bbox 838 5836 1719 5904">
     <span class='ocr_line' id='line_1_105' title="bbox 838 5836 1719 5904; baseline 0.008 -16"><span class='ocrx_word' id='word_1_802' title='bbox 838 5837 877 5867; x_wconf 76' lang='grc'><strong>³·</strong></span> <span class='ocrx_word' id='word_1_803' title='bbox 914 5836 1097 5891; x_wconf 66' lang='grc' dir='ltr'><strong>ΜΜΙΙι.</strong></span> <span class='ocrx_word' id='word_1_804' title='bbox 1133 5853 1183 5904; x_wconf 84' lang='lat' dir='ltr'><strong>v,</strong></span> <span class='ocrx_word' id='word_1_805' title='bbox 1227 5839 1309 5895; x_wconf 81' lang='grc'>16.</span> <span class='ocrx_word' id='word_1_806' title='bbox 1388 5839 1432 5872; x_wconf 75' lang='grc'><strong>’⁸</strong></span> <span class='ocrx_word' id='word_1_807' title='bbox 1464 5839 1596 5895; x_wconf 75' lang='lat' dir='ltr'><strong>ibid.</strong></span> <span class='ocrx_word' id='word_1_808' title='bbox 1630 5838 1719 5895; x_wconf 74' lang='grc'><strong>28.</strong></span> 
     </span>
    </p>
   </div>
   <div class='ocr_carea' id='block_1_105' title="bbox 2435 4636 2659 4706">
    <p class='ocr_par' dir='ltr' id='par_1_105' title="bbox 2435 4636 2659 4706">
     <span class='ocr_line' id='line_1_106' title="bbox 2435 4636 2659 4706; baseline 0.004 -18"><span class='ocrx_word' id='word_1_809' title='bbox 2435 4636 2659 4706; x_wconf 78' lang='grc' dir='ltr'>ὀφείλει.</span> 
     </span>
    </p>
   </div>
   <div class='ocr_carea' id='block_1_106' title="bbox 2509 4833 4017 4904">
    <p class='ocr_par' dir='ltr' id='par_1_106' title="bbox 2509 4833 4017 4904">
     <span class='ocr_line' id='line_1_107' title="bbox 2509 4833 4017 4904; baseline -0.002 -14"><span class='ocrx_word' id='word_1_810' title='bbox 2509 4838 2604 4904; x_wconf 81' lang='grc' dir='ltr'><strong>Μὴ</strong></span> <span class='ocrx_word' id='word_1_811' title='bbox 2633 4835 3017 4903; x_wconf 77' lang='grc' dir='ltr'>ἀποστερεῖτε</span> <span class='ocrx_word' id='word_1_812' title='bbox 3037 4835 3373 4903; x_wconf 70' lang='grc' dir='ltr'>ἀλλήλους.</span> <span class='ocrx_word' id='word_1_813' title='bbox 3407 4836 3455 4887; x_wconf 81' lang='grc' dir='ltr'>ει</span> <span class='ocrx_word' id='word_1_814' title='bbox 3480 4833 3561 4901; x_wconf 80' lang='grc' dir='ltr'>μή</span> <span class='ocrx_word' id='word_1_815' title='bbox 3589 4851 3641 4886; x_wconf 81' lang='grc' dir='ltr'><strong>τι</strong></span> <span class='ocrx_word' id='word_1_816' title='bbox 3668 4834 3743 4887; x_wconf 78' lang='grc' dir='ltr'><strong>ἂν</strong></span> <span class='ocrx_word' id='word_1_817' title='bbox 3767 4834 3835 4887; x_wconf 78' lang='grc' dir='ltr'><strong>ἐκ</strong></span> <span class='ocrx_word' id='word_1_818' title='bbox 3863 4851 4017 4902; x_wconf 70' lang='grc' dir='ltr'>στομ-</span> 
     </span>
    </p>
   </div>
   <div class='ocr_carea' id='block_1_107' title="bbox 2437 4923 4015 4998">
    <p class='ocr_par' dir='ltr' id='par_1_107' title="bbox 2437 4923 4015 4998">
     <span class='ocr_line' id='line_1_108' title="bbox 2437 4923 4015 4998; baseline -0.003 -17"><span class='ocrx_word' id='word_1_819' title='bbox 2437 4930 2639 4998; x_wconf 70' lang='grc' dir='ltr'>φὼνου</span> <span class='ocrx_word' id='word_1_820' title='bbox 2670 4928 2819 4995; x_wconf 80' lang='grc' dir='ltr'>πρὸς</span> <span class='ocrx_word' id='word_1_821' title='bbox 2844 4928 3072 4996; x_wconf 77' lang='grc' dir='ltr'>καιρὸν,</span> <span class='ocrx_word' id='word_1_822' title='bbox 3104 4929 3203 4979; x_wconf 82' lang='grc' dir='ltr'><strong>ἵνα</strong></span> <span class='ocrx_word' id='word_1_823' title='bbox 3256 4923 3595 4995; x_wconf 72' lang='grc' dir='ltr'>σχολάζητε</span> <span class='ocrx_word' id='word_1_824' title='bbox 3631 4925 3702 4991; x_wconf 76' lang='grc' dir='ltr'>τῇ</span> <span class='ocrx_word' id='word_1_825' title='bbox 3738 4944 3927 4989; x_wconf 70' lang='grc' dir='ltr'>νηί-τε</span> <span class='ocrx_word' id='word_1_826' title='bbox 3948 4930 4015 4989; x_wconf 71' lang='grc' dir='ltr'>’σ,</span> 
     </span>
    </p>
   </div>
   <div class='ocr_carea' id='block_1_108' title="bbox 2437 5016 4018 5088">
    <p class='ocr_par' dir='ltr' id='par_1_108' title="bbox 2437 5016 4018 5088">
     <span class='ocr_line' id='line_1_109' title="bbox 2437 5016 4018 5088; baseline -0.004 -15"><span class='ocrx_word' id='word_1_827' title='bbox 2437 5020 2535 5074; x_wconf 78' lang='grc' dir='ltr'><strong>καὶ</strong></span> <span class='ocrx_word' id='word_1_828' title='bbox 2566 5019 2638 5088; x_wconf 80' lang='grc' dir='ltr'>τῇ</span> <span class='ocrx_word' id='word_1_829' title='bbox 2663 5018 2997 5088; x_wconf 76' lang='grc' dir='ltr'>προσευχῇ,</span> <span class='ocrx_word' id='word_1_830' title='bbox 3034 5018 3129 5069; x_wconf 74' lang='grc' dir='ltr'><strong>καὶ</strong></span> <span class='ocrx_word' id='word_1_831' title='bbox 3163 5016 3349 5069; x_wconf 71' lang='grc' dir='ltr'>πάλιν</span> <span class='ocrx_word' id='word_1_832' title='bbox 3368 5016 3683 5069; x_wconf 76' lang='grc' dir='ltr'>ἐπιτοαυτὸ</span> <span class='ocrx_word' id='word_1_833' title='bbox 3716 5017 4018 5083; x_wconf 45' lang='lat' dir='ltr'><strong>cvi-erin-</strong></span> 
     </span>
    </p>
   </div>
   <div class='ocr_carea' id='block_1_109' title="bbox 2436 5107 4019 5180">
    <p class='ocr_par' dir='ltr' id='par_1_109' title="bbox 2436 5107 4019 5180">
     <span class='ocr_line' id='line_1_110' title="bbox 2436 5107 4019 5180; baseline -0.006 -13"><span class='ocrx_word' id='word_1_834' title='bbox 2436 5117 2566 5173; x_wconf 82' lang='grc' dir='ltr'>σθε.</span> <span class='ocrx_word' id='word_1_835' title='bbox 2597 5111 2808 5180; x_wconf 80' lang='grc' dir='ltr'>ἵναμὴ</span> <span class='ocrx_word' id='word_1_836' title='bbox 2860 5108 3097 5176; x_wconf 76' lang='grc' dir='ltr'>πειράζῃ</span> <span class='ocrx_word' id='word_1_837' title='bbox 3143 5108 3295 5177; x_wconf 79' lang='grc' dir='ltr'>ὑμᾶς</span> <span class='ocrx_word' id='word_1_838' title='bbox 3347 5113 3379 5162; x_wconf 84' lang='grc' dir='ltr'><em>ὀ</em></span> <span class='ocrx_word' id='word_1_839' title='bbox 3412 5107 3702 5172; x_wconf 76' lang='grc' dir='ltr'>Σατανᾶς,</span> <span class='ocrx_word' id='word_1_840' title='bbox 3753 5108 3851 5161; x_wconf 79' lang='grc' dir='ltr'>διὰ</span> <span class='ocrx_word' id='word_1_841' title='bbox 3902 5110 4019 5174; x_wconf 72' lang='grc' dir='ltr'><strong>τὴν</strong></span> 
     </span>
    </p>
   </div>
   <div class='ocr_carea' id='block_1_110' title="bbox 2435 5200 4015 5272">
    <p class='ocr_par' dir='ltr' id='par_1_110' title="bbox 2435 5200 4015 5272">
     <span class='ocr_line' id='line_1_111' title="bbox 2435 5200 4015 5272; baseline -0.007 -13"><span class='ocrx_word' id='word_1_842' title='bbox 2435 5205 2736 5272; x_wconf 76' lang='grc' dir='ltr'>ἀκρασίαν</span> <span class='ocrx_word' id='word_1_843' title='bbox 2755 5201 2939 5271; x_wconf 80' lang='grc' dir='ltr'>ὑμῶν.</span> <span class='ocrx_word' id='word_1_844' title='bbox 2966 5202 3145 5255; x_wconf 79' lang='grc' dir='ltr'>Τοῦτο</span> <span class='ocrx_word' id='word_1_845' title='bbox 3172 5202 3239 5252; x_wconf 90' lang='grc' dir='ltr'>δὲ</span> <span class='ocrx_word' id='word_1_846' title='bbox 3263 5200 3417 5269; x_wconf 68' lang='grc' dir='ltr'><strong>λέγω</strong></span> <span class='ocrx_word' id='word_1_847' title='bbox 3451 5200 3598 5252; x_wconf 77' lang='grc' dir='ltr'>κατὰ</span> <span class='ocrx_word' id='word_1_848' title='bbox 3625 5200 4015 5265; x_wconf 70' lang='grc' dir='ltr'>συγγνώμην,</span> 
     </span>
    </p>
   </div>
   <div class='ocr_carea' id='block_1_111' title="bbox 2434 5290 4015 5361">
    <p class='ocr_par' dir='ltr' id='par_1_111' title="bbox 2434 5290 4015 5361">
     <span class='ocr_line' id='line_1_112' title="bbox 2434 5290 4015 5361; baseline -0.005 -11"><span class='ocrx_word' id='word_1_849' title='bbox 2434 5300 2505 5349; x_wconf 80' lang='grc' dir='ltr'>οὐ</span> <span class='ocrx_word' id='word_1_850' title='bbox 2535 5298 2659 5350; x_wconf 81' lang='grc' dir='ltr'>κατ’</span> <span class='ocrx_word' id='word_1_851' title='bbox 2691 5294 2986 5361; x_wconf 68' lang='grc' dir='ltr'>ἐπιταγήν</span> <span class='ocrx_word' id='word_1_852' title='bbox 3008 5310 3019 5323; x_wconf 74' lang='grc' dir='ltr'><strong>ο</strong></span> <span class='ocrx_word' id='word_1_853' title='bbox 3054 5292 3207 5347; x_wconf 69' lang='grc' dir='ltr'><strong>θέλω</strong></span> <span class='ocrx_word' id='word_1_854' title='bbox 3241 5295 3346 5360; x_wconf 66' lang='grc' dir='ltr'>γὰρ</span> <span class='ocrx_word' id='word_1_855' title='bbox 3385 5292 3621 5355; x_wconf 60' lang='grc' dir='ltr'>πάντας</span> <span class='ocrx_word' id='word_1_856' title='bbox 3656 5290 4015 5357; x_wconf 68' lang='grc' dir='ltr'>ἀνθρώπους</span> 
     </span>
    </p>
   </div>
   <div class='ocr_carea' id='block_1_112' title="bbox 2435 5382 4017 5469">
    <p class='ocr_par' dir='ltr' id='par_1_112' title="bbox 2435 5382 4017 5469">
     <span class='ocr_line' id='line_1_113' title="bbox 2435 5382 4017 5469; baseline -0.006 -26"><span class='ocrx_word' id='word_1_857' title='bbox 2435 5387 2584 5443; x_wconf 75' lang='grc' dir='ltr'>εἶναι</span> <span class='ocrx_word' id='word_1_858' title='bbox 2614 5389 2693 5469; x_wconf 68' lang='grc' dir='ltr'>ὡς</span> <span class='ocrx_word' id='word_1_859' title='bbox 2722 5388 2817 5440; x_wconf 71' lang='grc' dir='ltr'><strong>καὶ</strong></span> <span class='ocrx_word' id='word_1_860' title='bbox 2838 5386 3118 5455; x_wconf 75' lang='grc' dir='ltr'>ἐμαυτὸν,</span> <span class='ocrx_word' id='word_1_861' title='bbox 3145 5385 3282 5438; x_wconf 58' lang='lat' dir='ltr'><strong>dif</strong></span> <span class='ocrx_word' id='word_1_862' title='bbox 3301 5384 3556 5447; x_wconf 82' lang='grc' dir='ltr'>ἕκαστος</span> <span class='ocrx_word' id='word_1_863' title='bbox 3577 5382 3731 5435; x_wconf 73' lang='grc' dir='ltr'>ἴδιον</span> <span class='ocrx_word' id='word_1_864' title='bbox 3749 5384 4017 5451; x_wconf 64' lang='grc' dir='ltr'>χάρισμα</span> 
     </span>
    </p>
   </div>
   <div class='ocr_carea' id='block_1_113' title="bbox 2435 5474 3727 5548">
    <p class='ocr_par' dir='ltr' id='par_1_113' title="bbox 2435 5474 3727 5548">
     <span class='ocr_line' id='line_1_114' title="bbox 2435 5474 3727 5548; baseline -0.005 -16"><span class='ocrx_word' id='word_1_865' title='bbox 2435 5480 2559 5548; x_wconf 80' lang='grc' dir='ltr'>ἔχει</span> <span class='ocrx_word' id='word_1_866' title='bbox 2587 5480 2654 5531; x_wconf 83' lang='grc' dir='ltr'><strong>ἐκ</strong></span> <span class='ocrx_word' id='word_1_867' title='bbox 2679 5478 2846 5543; x_wconf 69' lang='grc' dir='ltr'>Θεοῦ,</span> <span class='ocrx_word' id='word_1_868' title='bbox 2879 5477 2946 5542; x_wconf 85' lang='grc' dir='ltr'>ὃς</span> <span class='ocrx_word' id='word_1_869' title='bbox 2971 5476 3302 5545; x_wconf 76' lang='grc' dir='ltr'>μὲνοῦτως,</span> <span class='ocrx_word' id='word_1_870' title='bbox 3333 5475 3398 5540; x_wconf 78' lang='grc' dir='ltr'>ὃς</span> <span class='ocrx_word' id='word_1_871' title='bbox 3422 5474 3488 5527; x_wconf 80' lang='grc' dir='ltr'>δὲ</span> <span class='ocrx_word' id='word_1_872' title='bbox 3519 5475 3727 5537; x_wconf 76' lang='grc' dir='ltr'>οὕτως.</span> 
     </span>
    </p>
   </div>
   <div class='ocr_carea' id='block_1_114' title="bbox 2505 5560 4011 5638">
    <p class='ocr_par' dir='ltr' id='par_1_114' title="bbox 2505 5560 4011 5638">
     <span class='ocr_line' id='line_1_115' title="bbox 2505 5560 4011 5638; baseline -0.004 -17"><span class='ocrx_word' id='word_1_873' title='bbox 2505 5570 2647 5638; x_wconf 86' lang='grc' dir='ltr'>Ὅρα</span> <span class='ocrx_word' id='word_1_874' title='bbox 2673 5569 2764 5619; x_wconf 74' lang='grc' dir='ltr'>καὶ</span> <span class='ocrx_word' id='word_1_875' title='bbox 2787 5560 2909 5632; x_wconf 83' lang='grc' dir='ltr'>ὦδε,</span> <span class='ocrx_word' id='word_1_876' title='bbox 2938 5566 2998 5619; x_wconf 71' lang='grc' dir='ltr'>τὸ</span> <span class='ocrx_word' id='word_1_877' title='bbox 3060 5566 3219 5636; x_wconf 78' lang='grc' dir='ltr'>χρέος</span> <span class='ocrx_word' id='word_1_878' title='bbox 3266 5564 3539 5634; x_wconf 69' lang='grc' dir='ltr'>σημανθὲν</span> <span class='ocrx_word' id='word_1_879' title='bbox 3569 5564 3645 5634; x_wconf 76' lang='grc' dir='ltr'><strong>τῷ</strong></span> <span class='ocrx_word' id='word_1_880' title='bbox 3680 5567 3888 5632; x_wconf 65' lang='grc' dir='ltr'>ῥήματι</span> <span class='ocrx_word' id='word_1_881' title='bbox 3914 5563 4011 5634; x_wconf 72' lang='grc' dir='ltr'>τῆς</span> 
     </span>
    </p>
   </div>
   <div class='ocr_carea' id='block_1_115' title="bbox 2438 5658 4005 5733">
    <p class='ocr_par' dir='ltr' id='par_1_115' title="bbox 2438 5658 4005 5733">
     <span class='ocr_line' id='line_1_116' title="bbox 2438 5658 4005 5733; baseline -0.002 -18"><span class='ocrx_word' id='word_1_882' title='bbox 2438 5662 2877 5733; x_wconf 77' lang='grc' dir='ltr'>ἀποστερήσεως.</span> <span class='ocrx_word' id='word_1_883' title='bbox 2945 5678 2965 5712; x_wconf 75' lang='grc' dir='ltr'><strong>ι</strong></span> <span class='ocrx_word' id='word_1_884' title='bbox 3030 5662 3093 5715; x_wconf 79' lang='lat' dir='ltr'><strong>Et</strong></span> <span class='ocrx_word' id='word_1_885' title='bbox 3150 5661 3223 5731; x_wconf 85' lang='grc' dir='ltr'>μή</span> <span class='ocrx_word' id='word_1_886' title='bbox 3285 5677 3336 5713; x_wconf 90' lang='grc' dir='ltr'><strong>τι</strong></span> <span class='ocrx_word' id='word_1_887' title='bbox 3376 5658 3441 5713; x_wconf 74' lang='grc' dir='ltr'><strong>ἂν</strong></span> <span class='ocrx_word' id='word_1_888' title='bbox 3507 5659 3570 5711; x_wconf 76' lang='grc' dir='ltr'><strong>ἑκ</strong></span> <span class='ocrx_word' id='word_1_889' title='bbox 3614 5658 3935 5727; x_wconf 68' lang='grc' dir='ltr'>συμφώνου.</span> <span class='ocrx_word' id='word_1_890' title='bbox 3982 5675 4005 5712; x_wconf 84' lang='lat' dir='ltr'><strong>s</strong></span> 
     </span>
    </p>
   </div>
  </div>
