4194 6468
202 411 313 474 725

1132 423 1532 486 COMMENT.
1574 424 1656 486 IN
1696 425 1938 486 EPIST.
1979 427 2006 485 l
2045 427 2147 486 AD
2187 427 2547 487 COlllN'l‘ll.

3374 432 3480 499 726

199 525 298 593 Mi;
320 525 763 596 ἐγκρατευέσθω,
798 528 954 599 φησι,
983 529 1233 602 θάτερος,
1261 533 1492 604 θατέρου
1537 537 1610 606 μὴ
1658 535 1780 606 βου-

1894 534 1970 590 Ne
2000 536 2302 601 contineat,
2340 537 2543 609 inquit,
2591 536 2734 593 alter
2777 541 2995 598 nolente
3039 543 3234 608 altero,
3269 559 3337 600 ne
3363 559 3478 614 quo

200 616 458 686 λομένου,
486 621 559 688 μή
587 638 703 683 πως
717 623 976 691 πορνείας
993 623 1219 694 γένηται
1243 625 1502 696 πρόξενος
1519 628 1596 697 τῷ
1620 627 1793 700 ἑτέρῳ

203 711 366 780 μέρει
403 713 434 780 ἡ
467 713 783 780 ἐγκράτεια.
819 734 837 766 ι
872 715 1015 785 Πρὸς
1039 717 1250 787 καιρόν.
1287 737 1305 769 ›
1343 719 1624 785 Τουτέστι,
1649 722 1792 776 κατά

198 802 399 871 καιρὸν
427 802 518 855 τὸν
551 806 917 874 προσήκοντα.
953 806 1220 878 Εὑκαιρία
1243 809 1299 863 δέ
1327 811 1475 864 ἐστιν
1495 813 1726 884 ἀποχῆς,
1759 815 1790 884 ἡ

198 894 430 963 νηστεία
467 897 559 948 καὶ
595 898 629 965 ἠ
657 900 959 969 προσευχή.
995 899 1168 956 Τοῦτο
1195 902 1273 968 δέ,
1331 905 1520 976 φησὶν,
1561 907 1623 959 οὺ
1666 909 1791 971 τοὺς

201 988 466 1050 συνόντας
494 992 738 1057 γυναικὶ,
767 991 1024 1062 εὔχεσθαι
1049 994 1387 1066 ἧνηστεύειν
1407 999 1653 1065 κωλύων,
1677 1001 1788 1053 ἀλλ’

196 1079 412 1151 ὅπωςὴ
451 1083 587 1153 εὐχὴ
620 1085 716 1139 καὶ
761 1089 793 1156 ἡ
847 1089 1073 1158 νηστεία
1106 1091 1500 1159 σπουδαιοτέρα
1545 1092 1788 1163 γένηται.

209 1171 512 1243 Ἀπέχεσθε
539 1177 668 1246 γὰρ,
696 1181 882 1248 φησὶν,
909 1181 994 1234 ἵνα
1024 1181 1323 1251 σχολάσητε
1352 1185 1418 1254 τῇ
1446 1185 1668 1257 νηστείᾳ
1699 1189 1792 1239 καὶ

193 1265 263 1332 τῇ
299 1271 602 1338 προσευχῇ,
634 1269 710 1333 ὡς
744 1273 846 1337 τῆς
882 1271 1083 1341 μίξεως
1127 1274 1387 1343 ἀσχολίαν
1413 1276 1514 1328 οὐκ
1544 1277 1789 1350 ἀκαθαρ-

198 1354 324 1418 σίας
373 1359 663 1429 ποιούσης,
722 1363 925 1432 μίξεως
954 1365 1012 1419 δὲ
1064 1367 1163 1438 τῆς
1225 1369 1365 1438 πρὸς
1403 1369 1501 1436 τὴν
1549 1373 1790 1442 νομίμην

194 1448 461 1537 γυναῖκα.
501 1468 519 1501 ι
563 1451 662 1506 Διά
700 1455 800 1525 την
852 1458 1126 1528 ἀκρασίαν
1183 1460 1360 1530 ὑμῶν.
1399 1481 1417 1514 ι
1459 1463 1578 1518 Ἵνα
1610 1463 1790 1537 μάθῃς

191 1536 279 1627 ότι
315 1539 415 1609 οὐχ
447 1544 476 1594 ό
497 1543 742 1610 διάσολος
776 1548 935 1616 μόνος
967 1551 1142 1613 αἴτιος
1172 1553 1273 1623 τῆς
1329 1557 1609 1627 πορνείας,
1653 1536 1789 1614 ἀλλά

193 1621 290 1681 καὶ
322 1632 356 1700 ἡ
408 1634 570 1702 ἡμῶν
605 1637 867 1708 ἀκρασία,
929 1642 1149 1711 ἐπάγει,
1189 1662 1208 1696 ι
1231 1621 1361 1700 -Διά
1384 1621 1483 1719 τὴν
1517 1651 1789 1720 ἀκρασίαν

194 1721 373 1790 ὑμῶν,
415 1744 434 1776 ι
461 1726 679 1793 δεικνὺς
709 1731 862 1786 ἔνθεν
887 1735 1111 1806 μᾶλλον,
1143 1738 1175 1809 ἥ
1216 1740 1280 1793 ἐκ
1313 1741 1406 1794 τοῦ
1437 1742 1683 1796 διαϐόλου
1713 1745 1789 1812 γί-

190 1815 386 1908 νεσθαι
426 1824 787 1892 πειρασμούς.
819 1845 839 1880 ι
878 1829 955 1882 Οὐ
988 1831 1108 1883 κατ’
1150 1833 1440 1905 ἐπιταγήν.
1498 1855 1516 1888 i
1569 1867 1638 1876 —
1662 1835 1785 1908 [Ol-

190 1906 447 1982 ΚΟΥΜ.]
468 1914 542 1967 Οὐ
567 1916 676 1987 γάρ
694 1915 884 1990 ὥσπερ
902 1922 983 1986 τὸ,
1008 1924 1115 1976 «οὑ
1142 1927 1474 1996 μοιχεύσεις,
1501 1929 1577 1982 Οὐ
1593 1906 1786 1998 φονεύ--

191 2017 329 2064 σεις,
373 2022 394 2055 ι
442 2005 544 2074 ἤδη
583 2009 680 2060 καλ⁸
726 2010 788 2063 τὸ
826 2011 901 2083 μὴ
935 2014 1261 2086 ἀποστερεῖν
1293 2017 1556 2089 ἀλλήλους
1590 2023 1783 2074 ἐπιτα-

188 2095 258 2164 γή
313 2095 401 2160 τίς
424 2099 564 2160 ἐστι.
597 2101 692 2155 καὶ
719 2103 1010 2169 ἐπαινετὸς
1064 2109 1093 2161 ὁ
1121 2108 1282 2164 τοῦτο
1315 2111 1484 2165 ποιῶν
1519 2112 1596 2176 ὡς
1620 2113 1785 2184 νόμον

190 2187 438 2258 πληρῶν.
503 2192 662 2247 Κατὰ
710 2197 1079 2269 συγγνώμην,
1141 2204 1316 2272 φησὶ,
1375 2203 1534 2257 τοῦτο
1593 2203 1781 2272 εἶπον,

189 2283 546 2347 συγκαταϐὰς
594 2288 661 2356 τῇ
693 2287 949 2362 ἀσθενείᾳ
998 2292 1175 2362 ὑμῶν,
1227 2296 1327 2348 οὐκ
1359 2297 1656 2354 ἐπιτάσσω.
1690 2300 1783 2369 Μὴ

186 2375 573 2445 ἀποστερεῖτε,
611 2379 749 2434 ἀλλά
774 2384 1048 2453 μακάριος
1079 2387 1108 2439 ό
1144 2389 1640 2462 ἐγκρατευόμενος.
1685 2396 1782 2448 Ἐκ

185 2465 242 2518 δὲ
263 2465 360 2519 τοῦ
393 2470 588 2534 εἰπεῖν,
612 2473 1003 2546 συγγνώμην,
1041 2477 1241 2544 ἔδειξεν
1261 2483 1345 2534 ὅτι
1375 2485 1466 2535 καὶ
1501 2501 1782 2553 κατεγνω-

189 2558 394 2626 σμένον
426 2561 654 2632 πράττει
688 2567 946 2636 πρᾶγμα,
977 2569 1006 2621 ὁ
1034 2571 1196 2638 μόνον
1238 2573 1295 2624 ἐν
1324 2576 1389 2644 τῇ
1430 2577 1658 2648 νηστείᾳ
1687 2580 1781 2631 καὶ

185 2652 252 2719 τῇ
285 2655 570 2724 προσευχῇ
629 2656 994 2728 ἀπεχόμενος.
1047 2680 1064 2713 ι
1107 2659 1260 2718 Εἶναι
1313 2667 1391 2730 ὡς
1437 2667 1696 2739 ἐμαυτόν.
1757 2693 1776 2726 ι

191 2743 364 2796 Ἔνθα
388 2743 648 2816 δυσχερὲς
683 2749 967 2805 ἐπιτάσσει
1014 2756 1270 2826 πρᾶγμα,
1304 2758 1495 2812 ἑαυτὸν
1540 2763 1597 2814 ἐν
1632 2764 1782 2836 μέσῳ

189 2834 369 2902 φέρει.
414 2853 433 2887 ι
465 2836 607 2890 Ἀλλ’
634 2840 865 2907 ἕκαστος
900 2845 1032 2898 ίδιον
1058 2848 1309 2918 χάρισμα
1337 2848 1449 2920 ἔχει
1474 2853 1538 2905 ἐκ
1573 2834 1774 2910 Θεοῦ.ι

200 2926 425 3000 Ἐπειδὴ
457 2930 666 3002 σφόδρα
718 2935 902 2991 αὐτῶν
949 2940 1331 3012 κατηγόρησεν
1387 2944 1578 3013 εἰπὼν,
1621 2966 1639 3000 ι
1686 2951 1776 3020 Μή

190 3039 308 3083 πως
360 3025 601 3097 πειράζῃ
663 3029 810 3098 ὑμᾶς
863 3030 892 3082 ὁ
945 3031 1191 3098 Σατανᾶς
1237 3036 1327 3090 διὰ
1359 3037 1456 3109 τὴν
1506 3040 1778 3111 ἀκρασίαν

191 3115 369 3184 ὑμῶν,
422 3135 441 3169 ι
500 3118 595 3171 νῦν
646 3122 937 3188 σπουδάζει
985 3129 1497 3200 παραμυθήσασθαι
1554 3134 1776 3199 αὐτούς.

190 3208 472 3278 Παρθένος
503 3205 570 3282 ἦν
603 3211 882 3282 ὀΠαῦλος,
911 3219 1002 3271 καὶ
1033 3221 1221 3292 ἐπειδὴ
1243 3218 1384 3286 εἶπε,
1409 3240 1426 3274 ι
1460 3222 1612 3277 Θέλω
1649 3227 1783 3278 πάνυ
1807 3228 1848 3284 C
1889 3210 2184 3264 οθηευιπί·
2243 3213 2405 3282 Virg"
2467 3222 2588 3267 erat
2641 3215 2844 3268 Ρ³¹¹¹¹¹⁵
2897 3232 2910 3268 ³

189 3314 288 3361 τας
347 3296 488 3354 εἶναι
522 3301 599 3364 ὡς
629 3305 761 3373 ἐγὼ,
796 3324 814 3356 ι
862 3311 1016 3378 φησὶ,
1045 3310 1105 3363 τὸ
1143 3314 1322 3382 μεῖναι
1355 3315 1649 3385 παρθένον,
1682 3318 1780 3388 χά-

192 3407 364 3463 ρισμα
393 3389 534 3447 εἶναι
564 3395 675 3448 ἀπὸ
703 3395 798 3450 τοῦ
823 3397 984 3466 Θεοῦ,
1011 3402 1114 3456 οὐκ
1145 3405 1333 3476 ἐπειδὴ
1358 3406 1458 3476 τῆς
1501 3409 1777 3480 ἡμετέρας

187 3483 248 3534 οὐ
276 3483 452 3538 δεῖται
489 3487 737 3558 σπουδῆς
768 3491 830 3543 τὸ
864 3494 1123 3564 πράγμαο
1156 3497 1289 3549 αὐτὸ
1317 3496 1427 3570 γὰρ
1453 3498 1514 3552 τδ
1537 3500 1772 3572 ἀξιωθῆ-

187 3593 276 3629 ναι
311 3578 675 3649 χαρίσματος,
714 3582 886 3638 πολλὰ
921 3587 1092 3659 κοπιᾷ
1134 3605 1250 3651 τιςο
1282 3589 1400 3643 ἀλλ’
1451 3591 1528 3654 ὡς
1560 3592 1778 3664 εῐρηται

184 3667 597 3737 παραμυθεῖται
633 3672 829 3737 αὐτοὺς
855 3673 995 3744 ὑπὲρ
1049 3676 1150 3746 τῆς
1191 3677 1427 3750 ὕϐρεως.
1467 3698 1486 3732 ι
1533 3684 1630 3746 Ὃς
1668 3684 1769 3752 μὲν

184 3757 384 3824 οὕτως,
431 3761 490 3825 ὃς
517 3763 574 3817 δὲ
620 3764 812 3829 οὕτως.
859 3787 877 3820 ι
925 3769 1022 3832 ’ος
1060 3773 1158 3841 μὲν
1198 3773 1294 3826 καὶ
1342 3775 1624 3840 παντελῶς
1670 3779 1776 3830 ἀπ-

185 3851 370 3920 έχεται
408 3853 630 3924 μίξεως,
651 3855 708 3920 ὃς
741 3857 798 3912 δὲ
831 3859 956 3932 ἄχρι
991 3864 1091 3932 τῆς
1119 3864 1367 3934 γαμετῆς
1395 3866 1631 3921 ἵσταται.

255 4126 424 4195 Λέγω
447 4127 515 4181 δὲ
541 4128 666 4194 τοῖς
698 4130 967 4202 ἀγάμοις,
1010 4136 1108 4189 καὶ
1155 4139 1285 4204 ταῖς
1317 4141 1551 4211 χήραις,
1583 4149 1775 4202 καλὸν

184 4219 393 4285 αὐτοῖς
435 4220 606 4275 ἐστιν
630 4222 739 4277 ἐὰν
766 4225 1065 4293 μείνωσιν
1088 4228 1169 4295 ὠς
1202 4231 1386 4299 κάγώ.
1441 4237 1512 4288 El
1552 4235 1621 4289 δὲ
1661 4239 1774 4293 οὐκ

186 4313 670 4381 ἐπαίρει-σεύωνται,
695 4318 1163 4384 γαμησάτωσαν.
1189 4323 1496 4390 Κρεῖσσον
1517 4327 1628 4396 γάρ
1641 4331 1771 4384 ἐστι

187 4406 475 4478 gniﬁcat,
507 4409 544 4479 ἦ
575 4411 936 4478 πιιροῦσθαι.

259 4575 596 4649 [ΘΕΟΔΩΡ.]
617 4579 831 4644 Ἕδειξε
869 4581 1034 4635 πάλιν
1067 4583 1261 4637 ἐαυτὸν
1283 4584 1386 4656 τῆς
1408 4585 1517 4640 τῶν
1538 4588 1771 4661 ἀγάμων
1805 4573 1847 4629 D

184 4667 313 4720 ὄντα
356 4669 692 4738 συμμορίας.
726 4671 800 4723 Οὐ
841 4671 1048 4743 γὰρ’ᾶν
1079 4689 1164 4736 τις
1191 4675 1356 4730 αὐτὸν
1394 4679 1622 4744 εἰκότως
1650 4685 1769 4747 ταῖς

183 4756 550 4827 “pauo-iam;
583 4759 830 4812 ἐντάττοι
861 4778 875 4792 ·
913 4763 1128 4827 νεανίας
1159 4764 1265 4835 γὰρ
1295 4766 1370 4819 ὢν
1403 4768 1484 4822 ἔτι
1509 4771 1609 4841 τῆς
1638 4772 1770 4844 κλή-

185 4866 322 4909 σεως
347 4849 576 4922 ἠξιώθη.
613 4851 819 4922 Μηδεὶς
859 4852 918 4906 δέ
963 4855 1126 4908 αὑτὸν
1151 4857 1349 4912 οἰέσθω
1379 4860 1476 4931 τὴν
1500 4863 1601 4932 μὲν
1627 4865 1768 4933 ἀγα-

187 4940 316 5010 μίαν
337 4944 451 5004 τοῖς
476 4943 727 5012 ἀνδράσι,
754 4944 853 5014 τὴν
874 4945 932 4998 δὲ
958 4948 1097 5016 μετά
1119 4949 1209 5000 τὸν
1233 4949 1413 5022 γάμον
1439 4954 1769 5027 ἐγκράτειαν

184 5036 304 5095 ταῖς
334 5035 554 5100 γυναιξὶ
613 5037 806 5105 μόναις
838 5040 1177 5109 νομοθετεῖν,
1212 5043 1300 5098 διὰ
1334 5045 1393 5099 τὸ
1418 5043 1611 5113 είπεῖν,
1643 5053 1771 5118 τοῖς

185 5123 457 5193 ἀγάμοις,
479 5125 620 5194 ἦτοι,
645 5129 756 5192 τοῖς
780 5130 1031 5200 ἀνδράσι,
1059 5137 1155 5187 καὶ
1175 5134 1304 5201 ταῖς
1326 5136 1560 5206 χήραις,
1579 5140 1768 5211 ἧγουν,

184 5220 301 5279 ταῖς
339 5217 608 5284 γυναιξίν.
653 5219 974 5292 ’ᾼμφότερα
999 5226 1109 5296 γὰρ
1143 5228 1406 5299 ἑκάτερον
1452 5233 1769 5288 ἐκπαιδεὺει

185 5296 364 5372 γένος,
396 5308 491 5359 καὶ
516 5308 613 5379 τὴν
638 5310 906 5381 ἀγαμίαν,
941 5317 1036 5366 καὶ
1056 5315 1154 5386 τὴν
1182 5320 1317 5389 μετά
1341 5320 1435 5373 τὸν
1463 5324 1640 5394 γάμον
1675 5328 1770 5391 ἐγ-

186 5401 447 5468 κράτειαν
483 5401 582 5470 τῆς
632 5403 882 5473 χηρείας.
925 5423 944 5456 ι
980 5407 1043 5459 Εἰ
1085 5408 1142 5461 δὲ
1169 5411 1269 5462 οὐκ
1321 5413 1767 5485 ἐγκρατεύονται,

185 5495 617 5563 γαμησάτωσαν.
658 5514 676 5547 ι
715 5497 857 5567 Ὅρα
872 5486 1092 5568 σοφίαν·
1127 5503 1222 5556 καὶ
1253 5504 1498 5575 βελτίονα
1528 5508 1770 5562 δείκνυσι

186 5585 278 5655 τὴν
302 5586 656 5656 ἐγκράτειαν,
685 5591 779 5642 καὶ
803 5591 904 5644 οὐκ
928 5593 1234 5661 ἀναγκάζει
1259 5597 1349 5649 τὸν
1375 5599 1449 5668 μὴ
1475 5599 1767 5668 φθάνοντας

184 5673 437 5738 δεδοικὼς
491 5677 566 5747 μή
610 5694 664 5730 τι
727 5683 914 5748 μεῖζον
955 5685 1316 5757 παράπτωμα
1349 5689 1598 5759 γένηται.
1642 5710 1660 5742 ι
1698 5693 1768 5744 Ἢ

186 5765 508 5834 πυροῦσθαι.
546 5786 563 5818 ι
610 5767 900 5838 Ἐνέφηνεν
930 5775 1029 5847 ὅση
1056 5776 1152 5846 τῆς
1177 5777 1474 5848 ἐπιθυμίας
1506 5783 1539 5851 ἡ
1573 5798 1770 5851 τνραν-

185 5855 282 5918 νίς.
319 5857 380 5911 ΕΞ
420 5859 646 5930 πολλὴν,
692 5862 881 5934 φησιν,
927 5867 1204 5942 ὑπομένῃ-ς
1245 5870 1365 5940 βίαν
1423 5876 1518 5929 καὶ
1579 5874 1760 5946 πύρω-

1899 627 2059 683 modo
2089 633 2450 698 temperantia
2469 631 2540 687 sit
2563 631 2724 687 alteri
2749 633 2890 702 parti
2914 649 3074 690 eausa
3106 636 3306 705 stupri.
3344 655 3361 686 ι
3395 636 3477 690 Ad

1898 728 2133 790 tempus.
2189 741 2208 773 ι
2258 721 2374 776 lloc
2407 733 2511 788 est,
2561 724 2916 780 convenienti
2951 736 3214 796 tempore.
3249 727 3478 782 Occasio

1894 821 2078 866 autem
2125 814 2441 870 abstinendi
2478 823 2564 870 est
2598 818 2871 888 jejunium
2918 827 2974 872 et
3004 821 3201 874 oratio.
3239 819 3356 874 Hoc
3380 836 3480 874 au-

1894 918 2004 964 tem
2055 908 2211 971 dicit,
2268 925 2378 966 non
2431 911 2738 982 prohibens
2777 929 2873 968 eos
2905 913 3002 983 qui
3050 901 3480 968 commiscentur

1892 1017 2018 1056 cum
2066 1018 2236 1056 uxore
2265 1002 2516 1072 jejunare
2551 1014 2648 1059 aut
2678 1005 2890 1075 precari
2921 1022 2936 1061 :
2972 1005 3065 1059 sed
3105 1013 3164 1058 ut
3203 1005 3474 1075 jejunium

1892 1108 1956 1148 ac
1987 1094 2164 1148 oratio
2189 1093 2499 1150 studiosius
2534 1095 2646 1150 tlat.
2676 1095 2812 1151 Nam
2851 1097 3148 1162 abstinete,
3179 1097 3380 1167 inquit,
3418 1108 3478 1152 ut

1893 1189 2098 1243 vacetis
2123 1189 2334 1260 jejunio
2375 1199 2433 1246 ct
2459 1191 2700 1246 orationi
2729 1207 2743 1244 ε
2771 1207 2840 1247 ne
2872 1183 3130 1248 videlicet
3153 1191 3476 1261 occupatio-

1893 1295 2016 1334 nem
2061 1292 2251 1335 causet
2306 1283 2599 1353 impuritas
2629 1285 3033 1339 commistionis
3071 1302 3196 1340 cum
3232 1285 3477 1356 legitima

1893 1387 2085 1427 uxore.
2140 1390 2159 1423 ι
2209 1373 2442 1442 Pr0pter
2488 1375 2974 1445 intemperantiam
3030 1385 3293 1431 vestram.
3340 1395 3358 1427 ι
3407 1365 3490 1432 [Γ

1889 1464 2069 1520 discas
2095 1465 2243 1535 quod
2264 1481 2373 1520 non
2403 1465 2556 1521 solus
2581 1467 2838 1522 diabolus
2858 1467 3037 1538 stupri
3069 1483 3232 1522 causa
3255 1469 3352 1536 sit,
3377 1469 3476 1524 sed

1888 1557 2056 1610 etiam
2100 1567 2290 1612 nostra
2334 1557 2786 1627 intemperantia,
2832 1558 3138 1629 subjungit,
3180 1577 3197 1609 ι
3244 1559 3477 1628 Propter

1891 1648 2378 1718 intemperantiam
2407 1659 2646 1705 vestram
2690 1670 2704 1706 :
2749 1670 2768 1702 ι
2808 1651 3112 1705 ostendens
3139 1650 3273 1704 hinc
3304 1650 3478 1721 magis

1889 1756 2053 1811 quam
2081 1757 2148 1798 ex
2181 1741 2400 1797 diabolo
2438 1741 2575 1796 oriri
2623 1744 2980 1798 tentationes.
3021 1761 3038 1794 ι
3074 1743 3194 1796 Non
3238 1757 3305 1796 ex
3333 1757 3476 1812 pra:-

1889 1844 2070 1906 cepto.
2124 1853 2144 1886 ι
2190 1835 2381 1906 Neque
2415 1835 2564 1890 enim
2611 1835 2776 1902 sicut,
2817 1854 2836 1888 ι
2881 1837 3000 1892 Non
3052 1836 3311 1901 occides;
3353 1836 3475 1890 Non

1887 1928 2222 1984 adulterium
2273 1931 2608 1994 committes,
2663 1949 2682 1982 ι
2738 1929 2813 1984 ita
2861 1944 3268 1999 nuncquoque
3313 1944 3381 1984 ne
3414 1942 3475 1984 se

1885 2019 2141 2075 fraudem
2174 2021 2432 2084 invicem,
2464 2031 2798 2092 praeceptum
2826 2024 3048 2094 aliquod
3081 2034 3188 2088 est,
3219 2032 3279 2077 ut
3299 2023 3464 2078 laude

1887 2111 2088 2182 dignus
2113 2113 2186 2168 sit
2212 2115 2306 2183 qui
2354 2115 2458 2169 hoc
2493 2115 2626 2186 agit,
2669 2124 2929 2185 tanquam
2959 2117 3136 2186 legem
3167 2116 3470 2185 complens.

1886 2202 1963 2256 Ex
2009 2205 2395 2272 permissione,
2439 2207 2639 2276 inquit,
2673 2207 2781 2262 hoc
2811 2207 2946 2268 dixi.
2977 2194 3472 2264 demitteusme'ad

1886 2292 2324 2350 imbecillitatem
2370 2305 2634 2350 vestram.
2689 2297 2810 2352 Non
2850 2298 3019 2368 jubeo
3063 2314 3132 2354 ne
3181 2297 3470 2360 fraudetis,

1886 2385 1982 2440 sed
2029 2386 2224 2441 beatus
2266 2396 2351 2442 est
2385 2388 2480 2457 qui
2525 2389 2794 2444 continet.
2837 2391 2917 2445 Ex
2965 2391 3067 2446 hoc
3098 2399 3282 2445 autem
3322 2389 3472 2459 quod

1885 2478 2021 2532 dicit
2060 2480 2413 2551 συγγνώμην,
2460 2481 2514 2535 id
2561 2493 2667 2548 est,
2710 2485 3108 2553 permissionem
3154 2491 3250 2537 aut
3288 2484 3474 2553 potius

1883 2569 2112 2632 veniam,
2139 2571 2385 2624 ostendit
2408 2587 2534 2625 eum
2569 2573 2751 2629 facere
2780 2573 3152 2627 damnandum
3181 2589 3340 2644 opus,
3375 2573 3474 2644 qui

1884 2658 2066 2712 solum
2093 2659 2336 2715 abstinet
2371 2677 2497 2716 cum
2535 2664 2898 2734 jejunandum
2937 2675 3021 2718 est
3051 2674 3146 2720 aut
3175 2665 3468 2720 orandum.

1841 2761 1847 2767 '
1893 2770 1910 2801 ι
1945 2751 2015 2807 Ut
2052 2767 2155 2822 ego
2192 2753 2306 2824 ipse
2342 2769 2485 2809 sum.
2538 2775 2557 2807 ι
2603 2757 2705 2813 Ubi
2743 2773 2859 2811 rem
2895 2758 3131 2828 imponit
3169 2759 3470 2827 dilﬁcilem,

1883 2843 2125 2911 seipsum
2161 2844 2216 2897 in
2249 2845 2558 2913 exemplum
2589 2848 2867 2916 proponit.
2898 2869 2913 2899 ι
2951 2847 3056 2902 Sed
3090 2851 3472 2920 unusquisque

1883 2934 2167 3004 proprium
2193 2936 2360 2992 habet
2382 2938 2609 2992 donum.
2645 2958 2662 2990 ι
2694 2939 2964 3005 Quoniam
2993 2941 3350 2996 vehementer
3375 2958 3472 2997 eos

1883 3039 2240 3084 accusaverat
2271 3031 2462 3084 dicens
2491 3049 2501 3083 :
2538 3051 2555 3082 ι
2588 3032 2665 3087 Ne
2705 3039 2882 3087 tentet
2912 3049 3007 3087 vos
3043 3035 3276 3090 Satanas
3302 3051 3470 3105 ιιι-οι»-

1885 3126 1970 3170 ter
2001 3118 2486 3189 intemperantiam
2529 3131 2790 3186 vestram,
2853 3142 2870 3174 ι
2915 3125 3100 3178 studet
3141 3141 3290 3179 nunc
3321 3127 3474 3196 ipsos

2964 3225 3019 3269 et
3053 3217 3181 3286 quia
3233 3216 3470 3281 dixerat,

1889 3315 1908 3350 ι
1944 3299 2215 3369 Cuperem
2257 3316 2450 3357 omnes
2485 3319 2605 3358 esse
2651 3315 2712 3358 ut
2743 3321 2844 3375 ego
2885 3321 3048 3372 sum;
3091 3327 3109 3359 ι
3158 3308 3294 3363 dicit
3322 3325 3473 3365 nunc

1881 3390 2027 3459 quod
2061 3407 2286 3448 manere
2317 3393 2588 3465 virginem
2633 3397 2838 3450 donum
2882 3397 2976 3452 Dei
3021 3407 3138 3466 est;
3180 3416 3288 3454 non
3320 3402 3470 3470 quod

1882 3498 1969 3537 res
1999 3495 2191 3538 nostro
2218 3501 2327 3540 non
2360 3498 2518 3557 egeat
2547 3489 2733 3542 studio
2762 3507 2777 3545 :
2809 3491 3046 3544 multum
3082 3492 3230 3546 enim
3256 3493 3471 3549 laborat

1881 3577 2152 3646 quispiam
2181 3578 2232 3632 in
2261 3577 2366 3633 hoc
2395 3590 2454 3634 ut
2476 3580 2675 3649 dignus
2701 3581 2974 3637 habeatur
2996 3583 3172 3639 dono:
3195 3586 3289 3640 sed
3315 3589 3466 3656 quia,

1883 3675 1941 3720 ut
1971 3667 2178 3722 dictum
2203 3679 2307 3736 est,
2340 3673 2768 3728 consolatureos
2787 3675 2854 3729 de
2881 3675 3242 3747 improperio.
3269 3700 3284 3729 ι
3316 3681 3470 3735 Unus

1879 3759 2103 3828 quidem
2136 3762 2236 3826 sic,
2274 3763 2416 3816 alius
2440 3780 2571 3817 vero
2600 3765 2700 3818 sic.
2738 3785 2756 3818 ι
2799 3765 2899 3822 Ηίο
2933 3769 3156 3838 quidem
3189 3771 3410 3840 penitus
3435 3787 3468 3826 ι

1878 3849 2265 3905 conuuistioue
2312 3851 2575 3919 abstinet,
2631 3855 2723 3910 ille
2760 3873 2892 3911 vero
2934 3859 3036 3923 sic,
3096 3869 3156 3914 ut
3198 3861 3266 3915 ad
3301 3861 3464 3916 aliam

1878 3956 1987 3995 non
2021 3943 2430 4014 accedatquam
2471 3963 2719 4002 uxorem.

1945 4122 2110 4194 477
2143 4125 2252 4189 Vll,
2299 4124 2350 4187 8,
2389 4126 2440 4180 9.
2493 4125 2622 4180 Dico
2668 4137 2846 4182 autem
2893 4133 3249 4202 inconjngatis
3291 4146 3338 4187 et
3386 4136 3463 4188 vi-

1875 4214 1990 4266 duis
2016 4232 2034 4268 :
2069 4215 2263 4268 bonum
2305 4217 2377 4268 eis
2426 4224 2502 4270 est
2549 4219 2594 4271 si
2640 4224 3030 4287 permanserint
3069 4226 3204 4276 sicut
3246 4235 3295 4278 et
3339 4241 3457 4296 ego.

1875 4307 2026 4372 Quod
2071 4309 2116 4362 si
2156 4325 2260 4361 non
2313 4311 2618 4374 continent,
2663 4315 2984 4368 contrahant
3035 4319 3456 4382 matrimonium,

1875 4417 2000 4453 nam
2041 4400 2226 4454 melius
2267 4410 2342 4454 est
2372 4403 2772 4456 matrimonium
2809 4409 3123 4461 contrahere
3160 4425 3322 4478 quam
3350 4411 3454 4464 uri.

1951 4579 2188 4634 Rursum
2237 4581 2480 4651 seipsum
2526 4583 2766 4638 ostendit
2810 4599 2931 4640 esse
2987 4587 3055 4641 de
3099 4588 3451 4642 multitudine

1873 4686 2064 4726 eorum
2097 4671 2191 4740 qui
2217 4672 2496 4742 conjugati
2531 4689 2639 4727 non
2666 4685 2796 4729 sunt
2823 4694 2834 4727 :
2868 4692 3048 4746 neque
3071 4678 3219 4734 enim
3254 4679 3452 4734 merito

1873 4761 2162 4832 quisquam
2193 4761 2369 4831 ipsum
2423 4763 2568 4817 inter
2599 4763 2795 4820 viduas
2839 4767 3126 4835 producet,
3160 4785 3285 4823 cum
3316 4770 3453 4823 ado-

1873 4853 2088 4908 lescens
2113 4854 2294 4909 adhuc
2328 4855 2496 4909 fuerit
2526 4872 2652 4910 cum
2685 4859 2974 4914 vocatione
2998 4860 3198 4930 dignus
3231 4863 3455 4916 habitus

1871 4957 1971 5002 est.
2014 4948 2185 5002 Porro
2225 4964 2389 5003 nemo
2429 4950 2706 5005 existimet
2742 4951 2917 5020 ipsqu
2955 4954 3090 5008 viris
3111 4965 3354 5012 statuere
3384 4974 3454 5012 ne

1872 5038 2204 5093 contrahant
2244 5040 2678 5102 matrimonium,
2715 5042 3042 5100 mulieribus
3080 5063 3213 5103 vero
3245 5058 3305 5102 ut
3335 5060 3457 5119 post

1872 5142 2186 5188 contractas
2225 5133 2446 5202 nuptias
2471 5133 2683 5188 ell‘ectze
2713 5134 2894 5191 vidua:
2933 5138 3268 5224 abstineant,
3292 5158 3359 5195 ex
3389 5157 3456 5196 eo

1871 5227 2018 5296 quod
2048 5229 2123 5280 ait
2151 5229 2264 5288 τοῖς
2301 5227 2558 5296 ἀγάμοις,
2581 5227 2635 5282 id
2665 5237 2770 5293 est,
2794 5245 2907 5284 non
2927 5233 3234 5303 conjugatis
3255 5252 3456 5304 genere

1874 5319 2200 5375 masculino.
2241 5333 2438 5388 nempe
2462 5319 2599 5374 viris
2636 5337 2649 5373 :
2680 5330 2737 5375 et
2769 5325 2891 5385 ταῖς
2915 5326 3132 5395 χήραις,
3165 5325 3218 5380 id
3243 5337 3348 5392 est,
3377 5330 3460 5382 vi-

1874 5411 1999 5466 duis
2017 5410 2304 5476 feminino,
2333 5421 2463 5481 puta
2492 5411 2799 5469 luminisJu
2829 5424 3061 5486 utroque
3081 5419 3230 5473 enim
3253 5432 3461 5476 utrum-

1875 5520 1983 5575 que
2026 5505 2252 5559 instruit
2294 5521 2488 5575 genus,
2521 5515 2578 5560 et
2611 5507 2678 5561 de
2709 5509 3045 5566 abstinentia
3096 5528 3126 5567 a
3177 5515 3457 5584 conjugio,

1873 5606 1929 5652 ct
1950 5598 2017 5652 de
2042 5597 2381 5652 continentia
2411 5601 2465 5653 in
2508 5600 2780 5655 viduitate
2823 5612 2947 5672 post
2972 5615 3286 5661 contractas
3314 5625 3460 5679 nup-

1877 5692 1999 5744 tias.
2039 5708 2057 5740 ι
2092 5690 2249 5756 Quod
2289 5692 2333 5744 si
2376 5687 2486 5745 non
2530 5693 2834 5760 continent,
2885 5698 3213 5753 contrahant
3268 5701 3460 5754 matri-

1876 5783 2142 5840 monium.
2207 5803 2223 5834 ›
2283 5785 2417 5837 Vide
2467 5784 2837 5852 prudentiam.
2887 5789 3171 5843 Meliorem
3214 5792 3459 5846 ostendit

1875 5873 2291 5932 contiucmiatn.
2347 5891 2447 5929 nec
2502 5883 2682 5930 tatncu
2729 5878 2874 5947 cogit
2923 5895 3050 5934 cum
3088 5881 3181 5952 qui
3231 5880 3298 5935 ad
3333 5896 3456 5937 eam
