4194 6468
741 417 837 478 7‘27

1798 408 2194 468 (ECUMENII
2232 409 2523 469 ΤΙΝΕοΕ
2564 411 2901 469 EI‘ISCOPI
3096 410 3106 433 ⁵

3895 406 4005 465 758

742 548 849 585 non
888 529 1171 600 pertingit,
1213 525 1429 581 veritus
1474 540 1541 579 ne
1576 525 1748 593 major
1791 524 1992 593 aliquis
2040 525 2318 595 contingat

2427 543 2529 588 σιν,
2586 524 2934 595 ἀπαλλάγηθι
2987 526 3082 578 καὶ
3128 524 3396 593 γάμησον,
3458 522 3531 593 μή
3570 538 3696 573 ποτε
3735 540 4008 593 περιτρα-

743 626 942 692 lapsus.
980 640 998 672 ι
1031 620 1202 684 Quam
1226 612 1354 672 uri.
1397 637 1414 669 ι
1451 616 1702 671 Ostendit
1729 624 1934 686 quanta
1987 616 2062 670 sit
2100 630 2313 669 concu-

745 714 1025 783 piscentiae
1070 712 1341 782 tyrannis.
1391 711 1446 765 Si
1503 711 1766 774 multam,
1827 708 2026 777 inquit,
2078 706 2321 761 sustines

745 805 1086 864 violentiam,
1123 818 1492 873 magnumque
1535 803 1811 865 ardorem,
1846 801 2083 855 liberare
2115 814 2178 853 ac
2206 814 2320 853 ma-

747 896 1067 951 trimonium
1104 894 1389 957 contrahe,
1427 894 1720 962 nequando
1750 890 2040 946 evertaris.

810 988 920 1047 VII.
958 987 1044 1053 10,
1077 990 1157 1040 II.
1210 986 1275 1040 Αι
1320 986 1613 1056 ronjugatis
1651 985 1918 1053 prteripio,
1960 1001 2063 1035 non
2098 999 2189 1051 ego
2231 981 2321 1034 scd

747 1076 999 1131 Dominus
1029 1094 1045 1131 :
1074 1093 1206 1129 uxor
1238 1095 1268 1129 a
1297 1079 1406 1130 viro
1437 1093 1539 1128 non
1577 1086 1868 1145 separetur.
1902 1073 2050 1137 Quod
2085 1074 2130 1125 si
2160 1074 2320 1125 etiam

739 1177 988 1238 separata
1015 1169 1192 1236 fuerit,
1222 1176 1433 1221 maneat
1467 1170 1716 1236 innupta,
1751 1174 1841 1217 aut
1870 1167 1982 1217 viro
2020 1164 2323 1218 reconcilie-

744 1270 848 1313 tur.
882 1261 945 1313 Et
976 1260 1055 1313 vir
1078 1278 1293 1314 uxorem
1327 1278 1430 1313 non
1454 1261 1705 1311 dimittat.

814 1353 1084 1418 Quoniam
1117 1353 1288 1422 legem
1316 1351 1604 1405 manifeste
1632 1366 1661 1404 a
1687 1350 1917 1404 Domino
1944 1351 2175 1420 positam
2201 1351 2315 1403 dic-

745 1456 901 1498 turus
941 1453 1048 1508 est,
1084 1454 1376 1513 propterea
1414 1443 1491 1495 ait
1540 1460 1552 1493 :
1610 1462 1626 1492 ‹
1678 1444 1795 1496 Non
1840 1459 1941 1511 ego
1994 1444 2087 1495 sed
2132 1440 2319 1495 Domi-

744 1551 869 1591 nus.
911 1555 925 1587 ι
964 1536 1093 1602 Quae
1126 1542 1209 1589 est
1243 1544 1426 1588 autem
1460 1535 1583 1587 lex?
1627 1534 1702 1585 Ne
1737 1534 1830 1585 ﬁat
1870 1533 2091 1595 divisio,
2127 1532 2231 1585 nisi
2265 1532 2317 1585 in

744 1643 909 1682 causa
964 1626 1161 1695 stupri.
1215 1626 1285 1679 Et
1342 1626 1561 1694 quidem
1613 1640 1677 1678 ea
1724 1640 1844 1693 quae
1886 1624 2144 1692 priedicta
2194 1630 2321 1677 sunt

746 1735 1058 1788 quanquam
1084 1718 1346 1772 Dominus
1370 1732 1629 1785 expresse
1659 1732 1767 1770 non
1797 1716 2020 1779 dixerit,
2078 1722 2319 1767 attamen

749 1811 849 1879 ipsi
895 1810 1127 1864 Domino
1159 1809 1457 1863 convenire
1492 1808 1768 1870 videntur,
1809 1816 1904 1859 aut
1953 1822 2051 1874 per
2098 1822 2177 1866 se,
2225 1814 2319 1857 aut

746 1919 842 1969 per
874 1917 935 1954 os
973 1902 1122 1954 Pauli
1164 1900 1429 1968 loquenti.
1473 1900 1671 1953 Verum
1698 1898 1958 1966 quoniam
1993 1897 2219 1951 verbum
2250 1896 2317 1950 de

748 1995 1093 2061 separatione
1140 1994 1316 2062 palam
1371 1993 1597 2046 tradidit
1650 1992 1932 2053 Dominus,
1991 1990 2112 2043 ideo
2162 1989 2317 2053 dicit,

752 2106 770 2137 ι
803 2087 917 2139 Non
950 2101 1071 2155 ego,
1099 2086 1192 2139 sed
1220 2086 1532 2140 Dominus.»
1566 2084 1712 2137 Hanc
1740 2085 1921 2152 itaque
1951 2082 2318 2135 diﬁerentiam

748 2180 952 2233 habent
989 2198 1005 2228 ι
1041 2180 1172 2248 Ego,
1213 2199 1230 2228 ι
1270 2188 1325 2232 et
1364 2197 1381 2228 ι
1416 2178 1531 2231 Non
1560 2192 1681 2245 ego,
1727 2197 1742 2226 ›
1778 2177 1908 2228 utei
1935 2174 2082 2243 quod
2130 2174 2318 2226 Domi-

746 2288 851 2324 nus
883 2272 1020 2325 dixit
1066 2271 1267 2325 serviat
1310 2290 1326 2321 ι
1379 2270 1495 2324 Non
1544 2284 1665 2339 ego,
1720 2288 1736 2319 ι
1778 2269 1844 2321 de
1882 2268 1990 2320 alio
2022 2281 2153 2321 vero
2183 2264 2317 2319 dicit

749 2384 767 2414 ι
808 2365 939 2433 Ego.
978 2384 995 2415 ι
1041 2365 1107 2418 Ει
1136 2381 1203 2418 ne
1229 2380 1349 2433 quae
1381 2363 1554 2433 ipsius
1582 2374 1711 2417 sunt
1749 2363 1986 2415 humana
2020 2375 2139 2414 esse
2170 2360 2317 2413 exis-

746 2457 927 2519 times,
955 2457 1240 2526 subjungit
1268 2456 1537 2509 inferius:
1574 2475 1591 2505 ι
1634 2454 1841 2523 Opinor
1866 2462 2046 2506 autem
2081 2451 2225 2521 quod
2262 2460 2318 2504 et

742 2564 843 2617 ego
876 2546 1140 2616 Spiritum
1187 2546 1281 2601 Dei
1330 2546 1581 2599 habeam.
1637 2565 1653 2597 ι
1694 2576 1759 2585 ——
1804 2564 1820 2594 ι
1868 2543 2022 2609 Quod
2056 2543 2099 2596 si
2148 2543 2314 2596 etiam

748 2647 998 2707 separata
1029 2638 1213 2691 fuerit.
1267 2656 1284 2689 ι
1326 2637 1539 2699 Melius,
1575 2637 1773 2704 inquit.
1806 2644 1976 2689 estut
2006 2649 2114 2687 non
2156 2649 2316 2701 sepa-

747 2738 941 2781 retur:
980 2727 1127 2796 quod
1160 2728 1205 2781 si
1250 2726 1414 2780 etiam
1464 2735 1711 2795 separata
1745 2724 1930 2784 fuerit,
1969 2733 2186 2777 maneat
2217 2723 2317 2776 ha-

746 2819 883 2873 bens
934 2818 1134 2882 virum,
1188 2818 1355 2888 478
1396 2816 1497 2869 etsi
1535 2832 1641 2869 non
1689 2814 2093 2876 commistione,
2135 2824 2315 2866 tamen

746 2911 968 2971 aﬁ'cctu,
1017 2911 1095 2964 sie
1138 2918 1196 2961 ut
1241 2924 1350 2961 non
1382 2908 1615 2960 adducat
1646 2907 1759 2959 sive
1806 2907 2062 2975 adjungat
2093 2905 2195 2958 sibi
2238 2905 2317 2957 vi-

750 3018 868 3054 rum
898 3000 1085 3052 alium.
1132 3015 1149 3048 ι
1184 2998 1417 3053 Uxorem
1469 3012 1576 3048 non
1625 2995 1885 3047 dimittat.
1931 3014 1946 3043 ι
2000 2993 2112 3046 Nisi
2160 2994 2317 3061 quip-

748 3090 888 3157 piam
922 3089 1218 3143 accesserit
1256 3089 1311 3141 in
1343 3102 1506 3140 causa
1541 3086 1739 3155 stupri.
1777 3086 1909 3139 Nam
1953 3084 2067 3138 haec
2112 3082 2315 3139 Christi

746 3184 827 3234 lex
858 3192 962 3235 est.

816 3272 925 3336 VII,
950 3270 1127 3334 12,”.
1156 3269 1389 3341 Reliquis
1412 3280 1587 3323 autem
1615 3286 1705 3338 ego
1733 3269 1867 3329 dico,
1896 3286 1997 3321 non
2025 3267 2313 3320 Dominus:

744 3365 936 3433 Siquis
974 3364 1144 3430 frater
1206 3380 1421 3417 uxorem
1451 3363 1642 3416 habeat
1679 3362 1963 3428 inﬁdelem,
2016 3370 2063 3413 et
2094 3362 2200 3413 ha'c
2231 3376 2316 3411 as-

740 3458 1038 3509 srntiturut
1069 3456 1262 3509 habitet
1285 3471 1402 3507 cum
1427 3454 1542 3515 illo,
1572 3469 1635 3505 nc
1663 3453 1898 3505 dimittat
1928 3468 2065 3503 eam.
2091 3450 2157 3502 Et
2186 3466 2318 3501 uxor

743 3560 861 3612 qua‘
884 3544 1033 3596 habet
1063 3544 1231 3596 virum
1256 3541 1542 3609 inﬁdelem,
1587 3551 1634 3593 et
1658 3542 1699 3593 is
1730 3541 2016 3593 assentitur
2037 3546 2092 3590 ut
2121 3538 2315 3589 habitet

743 3653 863 3688 cum
900 3652 983 3698 ea,
1012 3650 1075 3687 ne
1102 3634 1332 3686 dimittat
1368 3631 1541 3684 illum.
1570 3630 1947 3697 Sanctiﬁcatus
1979 3639 2051 3681 est
2073 3629 2210 3680 enim
2242 3629 2318 3679 vir

742 3729 971 3796 inﬁdelis
1010 3744 1103 3797 per
1138 3743 1356 3779 uxorem
1392 3743 1408 3779 :
1445 3735 1493 3779 et
1528 3725 1860 3791 saitctiﬁcata
1892 3732 1966 3776 est
2011 3739 2142 3775 uxor
2189 3721 2317 3789 inﬁ-

745 3822 874 3873 delis
895 3837 987 3890 per
1015 3822 1207 3873 virum.

816 3914 891 3968 Ne
929 3914 1262 3967 divellautnr
1308 3911 1561 3981 conjugia
1612 3927 1625 3965 :
1667 3919 1720 3965 et
1764 3910 1836 3964 ita
1869 3909 2210 3964 confusionis
2254 3925 2317 3964 ac

746 4006 1098 4069 turbationis,
1128 4005 1531 4073 domorumque
1566 4003 1870 4058 eversionis
1910 4019 2070 4056 causa
2100 4018 2131 4056 a
2156 4004 2316 4071 vulgo

741 4097 1022 4165 iudicetur
1063 4096 1155 4149 Dei
1200 4096 1403 4156 cultus,
1454 4103 1745 4162 propterea
1785 4092 2044 4161 prohibet
2077 4108 2173 4146 eos
2222 4092 2316 4161 qui

745 4189 890 4242 nacti
924 4197 1048 4241 sunt
1076 4186 1349 4247 inﬁdeles,
1377 4201 1443 4239 ne
1472 4201 1500 4237 a
1531 4184 1942 4239 eohabitatione
1974 4184 2314 4238 dividantur.

743 4280 931 4348 Neque
960 4280 1108 4333 enim
1149 4278 1215 4331 de
1243 4278 1329 4331 his
1360 4277 1533 4345 legem
1577 4276 1768 4331 statuit
1799 4278 1891 4347 qui
1919 4278 2161 4331 nondum
2191 4294 2320 4332 con-

747 4383 1031 4428 traxerunt
1062 4372 1493 4433 matrimonium,
1517 4370 1612 4424 sed
1644 4372 1711 4423 de
1737 4371 1823 4423 his
1846 4371 1938 4439 qui
1973 4370 2037 4424 ad
2068 4371 2317 4441 eonjugia

739 4468 850 4536 jam
912 4472 1305 4533 pervenerunt.
1363 4462 1647 4531 Siquidem
1705 4478 1812 4515 non
1862 4462 1999 4516 dixit
2047 4479 2059 4515 :
2101 4463 2155 4516 Si
2192 4464 2319 4531 quis

2426 622 2555 688 πῇς.

2499 895 2630 961 Τοῖς
2657 894 2725 947 δὲ
2756 895 3120 963 γεγαμηκόσι
3151 893 3681 963 παραγγέλλωούκ
3704 893 3837 963 ἐγὼ,
3860 894 4008 947 ἀλλ’

2433 990 2724 1055 όΚύριος,
2780 986 3033 1055 γυναῖκα
3066 987 3183 1038 ἀπὸ
3224 985 3448 1053 ἀνδρὸς
3482 985 3568 1055 μὴ
3612 987 4007 1054 χωρισθῆναι.

2436 1078 2569 1131 Ἐὰν
2594 1078 2663 1131 δέ
2687 1079 2783 1132 καὶ
2820 1076 3107 1146 χωρισθῇ,
3135 1077 3361 1144 μενέτω
3388 1078 3637 1146 ἄγαμος,
3673 1078 3710 1145 ἢ
3766 1080 3847 1143 τῷ
3886 1081 4005 1131 ἀι·-

2423 1168 2515 1236 δρὶ
2546 1168 3007 1239 καταλλαγήτω.
3038 1170 3149 1222 Καὶ
3205 1167 3395 1237 ἄνδρα
3423 1170 3681 1238 γυναῖκα
3719 1168 3804 1239 μὴ
3830 1170 4009 1237 ἀρ·ιέ-

2422 1276 2541 1313 ναι.

2507 1352 2725 1421 Ἐπειδὴ
2757 1352 2932 1421 ῥητῶς
2975 1352 3137 1420 νόμου
3200 1351 3305 1404 ὑπὸ
3337 1351 3433 1405 τοῦ
3488 1352 3694 1423 Κυρίου
3752 1352 4006 1412 τεθέντος

2421 1444 2599 1510 λέγειν
2650 1444 2855 1512 μέλλει,
2915 1444 3003 1496 διὰ
3050 1444 3207 1497 τοῦτό
3238 1462 3422 1513 φησιν,
3463 1464 3480 1494 ι
3519 1446 3632 1497 Οὐκ
3670 1445 3798 1511 ἐγὼ,
3834 1445 3951 1497 ἀλλ’
3981 1446 4007 1495 ὁ

2423 1534 2646 1604 Κύριος.
2697 1553 2714 1585 ι
2777 1534 2871 1596 Τίς
2918 1534 2975 1585 δὲ
3012 1534 3040 1585 6
3082 1533 3272 1603 νόμος
3329 1533 3435 1586 Τοῦ
3474 1534 3548 1603 μὴ
3586 1535 3828 1600 γίνεσθαι
3863 1534 4011 1585 διαί-

2427 1642 2573 1693 ρεσιν
2605 1624 2873 1698 παρεκτὸς
2918 1626 3076 1693 λόγου
3113 1625 3387 1696 πορνείας.
3424 1628 3531 1678 Καὶ
3554 1628 3621 1679 τὰ
3657 1628 3755 1694 μὲν
3790 1628 4007 1695 ἔμπροι

2425 1716 2549 1767 σθεν
2578 1716 2866 1785 εἰρημένα,
2900 1718 2945 1767 εί
2984 1716 3058 1785 μὴ
3114 1718 3207 1768 καὶ
3239 1717 3497 1785 ὀνομαστὶ
3527 1719 3555 1768 6
3602 1716 3802 1787 Κύριος
3828 1714 4010 1777 εἶπεν,

2422 1808 2572 1875 ὅμως
2606 1812 2697 1860 καὶ
2748 1808 2895 1877 αὐτῷ
2946 1807 3023 1876 τῷ
3058 1808 3244 1877 Κυρίῳ
3309 1810 3490 1870 καλῶς
3544 1809 3690 1877 ἔχειν
3737 1808 3886 1860 δοκεῖ
3929 1810 4011 1877 τῷ

2346 1862 2392 1921 Β
2422 1900 2687 1964 λαλοῦντι,
2708 1901 2876 1970 ἤγουν
2898 1900 3045 1967 αὐτῷ
3075 1900 3151 1969 τῷ
3177 1901 3365 1972 Κυρίῳ
3394 1901 3472 1971 τῷ
3500 1903 3587 1955 διὰ
3612 1902 3707 1955 τοῦ
3736 1903 4011 1971 στόματος

2424 1993 2633 2045 Παύλου
2671 1992 2937 2045 λαλοῦντι.
2978 1993 3122 2061 Πλὴν
3153 1993 3343 2062 ἐπειδὴ
3386 1995 3446 2046 τὸ
3468 1994 3563 2046 τοῦ
3589 1995 3875 2063 χωρισμοῦ
3907 1996 4012 2061 ρη-

2420 2083 2547 2145 τῶς,
2567 2084 2638 2145 ὡς
2661 2084 2897 2151 εἴρηται,
2922 2086 2947 2133 6
2968 2083 3170 2151 Κύριος
3191 2086 3495 2153 παρέδωκε,
3516 2084 3704 2136 τούτου
3722 2085 3884 2153 χάριν
3904 2102 4012 2152 φη-

2422 2176 2524 2238 σὶν,
2554 2176 2696 2227 ιΟὑκ
2717 2175 2846 2241 ἐγὼ,
2869 2173 2984 2225 ἀλλ’
3008 2174 3035 2225 ὁ
3060 2174 3278 2244 Κύριος.
3296 2195 3312 2225 ι
3337 2176 3498 2227 Ὥστε
3522 2176 3599 2238 τὸ,
3626 2194 3645 2225 ι
3668 2177 3826 2240 Ἐγὼ,
3846 2195 3863 2225 ι
3889 2179 4009 2239 καὶ,

2426 2270 2567 2320 «Οὐκ
2583 2266 2711 2333 ἐγὼ,
2728 2268 2956 2336 »ταύτην
2974 2268 3085 2337 ἔχει
3107 2270 3203 2336 τὴν
3230 2268 3514 2337 διαφοράν·
3538 2266 3623 2330 τί),
3644 2262 3810 2319 Εἶπεν
3833 2268 3861 2317 6
3893 2267 4009 2318 Κῦ-

2424 2378 2555 2432 ριος,
2604 2359 2781 2426 λέγει,
2846 2378 2862 2410 ι
2904 2362 3016 2412 Οὐκ
3081 2359 3240 2427 Ἐγώ·
3278 2380 3295 2411 ι
3336 2360 3397 2411 τὸ
3446 2359 3502 2411 δὲ
3553 2359 3762 2427 ἕτερον,
3815 2359 4008 2425 φησὶν,

2426 2472 2443 2503 ι
2469 2452 2660 2519 Ἐγώ.»
2690 2453 2805 2505 Ἵνα
2822 2451 2927 2519 γὰρ
2950 2455 3023 2521 μὴ
3050 2453 3115 2503 τὰ
3140 2451 3303 2504 αὑτοῦ
3332 2449 3646 2519 ἀνθρώπινα
3675 2446 3814 2501 εἶναι
3848 2449 4008 2515 νομί-

2422 2559 2539 2614 σῃς,
2570 2546 2762 2609 ἐπᾶγει
2790 2543 3107 2613 κατωτέρω,
3141 2541 3320 2594 «Δοκῶ
3341 2540 3397 2593 δὲ
3432 2538 3588 2607 κάγὼ
3616 2539 3838 2608 Πνεῦμα
3871 2538 4008 2591 Θεοῦ

2419 2636 2718 2705 ἔχειν.ι-‹
2743 2636 2867 2687 Ἐὰν
2896 2636 2953 2687 δὲ
2986 2638 3079 2688 καὶ
3111 2633 3666 2705 χωρισθῇ.›Κάλλιον
3700 2633 3821 2701 μὲν,
3848 2633 4005 2698 φησὶ,

2420 2729 2478 2781 τὸ
2544 2728 2617 2796 μὴ
2678 2727 3032 2797 χωρισθῆναι.
3088 2728 3151 2777 Εἰ
3206 2727 3261 2777 δὲ
3299 2726 3392 2776 καὶ
3454 2723 3722 2792 χωρισθῇ,
3784 2724 4001 2789 μενέτω

2420 2819 2620 2887 ἔχουσα
2670 2818 2759 2869 τὸν
2820 2819 3008 2886 ἄνδρα,
3064 2818 3112 2869 εί
3164 2818 3258 2868 καὶ
3288 2814 3361 2885 μὴ
3391 2817 3457 2884 τῇ
3502 2815 3667 2880 μίξει,
3712 2817 3777 2881 τῇ
3813 2814 4001 2880 μέντοι

2420 2908 2679 2972 διαθέσει,
2716 2909 2810 2960 καὶ
2851 2909 2927 2979 τῷ
2985 2909 3059 2976 μὴ
3118 2910 3510 2973 ἐπεισαγαγεῖν
3557 2907 3725 2974 ἄνδρα
3784 2907 3999 2972 ἕτερον.

2427 3016 2444 3050 ι
2488 3000 2727 3051 Γυναῖκα
2778 2999 2851 3069 μὴ
2888 3001 3126 3068 ἀφιέναι.
3172 3021 3188 3049 ι
3241 3002 3302 3052 Εἰ
3355 3001 3429 3069 μή
3464 3018 3515 3051 τι
3557 3000 3649 3051 ἐπὶ
3681 3000 3824 3069 λόγῳ
3862 3018 4003 3069 πορ-

2422 3090 2591 3155 νείας.
2636 3088 2803 3156 Οὗτος
2830 3092 2936 3164 γὰρ
2962 3094 2989 3145 6
3019 3093 3109 3145 τοῦ
3141 3091 3377 3162 Χριστοῦ
3414 3093 3596 3162 νόμος.

2500 3277 2632 3343 Τοῖς
2656 3277 2724 3329 δὲ
2747 3276 3002 3342 λοιποῖς,
3024 3277 3137 3345 ἐγὼ
3154 3278 3328 3345 λέγω,
3356 3279 3468 3345 οὐχ
3497 3280 3527 3330 ό
3550 3278 3789 3343 Κύριος’
3821 3278 3895 3329 εἴ
3916 3294 4003 3341 τις

2425 3369 2688 3437 ἀδελφὸς
2716 3368 2969 3438 γυναῖκα
3000 3370 3122 3437 ἔχει
3150 3368 3428 3432 ἄπιστον,
3462 3367 3558 3419 καὶ
3597 3364 3749 3432 αὑτὴ
3781 3382 4008 3418 συνευ-

2425 3459 2594 3513 δοκεῖ
2626 3459 2813 3512 οἰκεῖν
2836 3458 2960 3527 μετ’
2988 3457 3195 3519 αὐτοῦ,
3234 3458 3326 3525 μὴ
3352 3456 3568 3525 ἀφιέτω
3614 3454 3831 3519 αὐτήν.
3893 3456 4003 3508 Kal

2426 3552 2579 3621 γυνὴ
2612 3551 2739 3616 ἥτις
2773 3550 2897 3618 ἔχει
2923 3549 3114 3615 ἄνδρα
3135 3547 3414 3609 ἄπιστον,
3443 3548 3538 3600 καὶ
3571 3548 3752 3612 αὐτὸς
3777 3562 4005 3602 συνευ-

2425 3642 2590 3695 δοκεῖ
2606 3641 2791 3694 οἰκεῖν
2813 3643 2938 3709 μετ’
2962 3639 3174 3709 αὐτῆς,
3196 3640 3281 3707 μὴ
3310 3639 3530 3708 ἀφιέτω
3557 3641 3761 3691 αὐτόν.
3804 3640 4005 3703 Ἡγία-

2427 3750 2563 3786 σται
2595 3733 2704 3799 γὰρ
2764 3736 2794 3785 ό
2825 3732 2980 3800 ἀνὴρ
3016 3734 3047 3783 ὀ
3070 3731 3325 3796 ἄπιστος
3381 3732 3450 3783 ἐν
3494 3730 3568 3797 τῇ
3598 3731 3857 3799 γυναικί·
3902 3730 4004 3781 καὶ

2426 3826 2708 3893 ἡγίασται
2727 3824 2760 3889 ἠ
2794 3822 2947 3892 γυνὴ
2976 3826 3006 3890 ἡ
3041 3823 3295 3887 ἄπιστος
3328 3824 3397 3875 ἐν
3420 3822 3500 3886 τῷ
3527 3822 3720 3887 ἀνδρί.

2495 3918 2609 3969 Ἵνα
2662 3919 2737 3985 μὴ
2769 3914 3180 3967 διασπασθῶσιν
3223 3915 3270 3965 οἱ
3310 3913 3501 3981 γάμοι,
3535 3914 3628 3964 καὶ
3657 3912 3843 3964 λοιπὸν
3874 3928 4007 3977 συγ-

2427 4008 2636 4078 χύσεως
2669 4012 2761 4059 καὶ
2806 4007 3053 4076 ταραχῆς
3088 4008 3179 4058 καὶ
3224 4007 3390 4058 οἴκων
3437 4006 3749 4074 ἀνατροπῆς
3784 4006 3936 4057 αἰτία
3968 4008 4002 4076 ἡ

2426 4098 2675 4151 εὐσέϐεια
2705 4102 2815 4161 τοῖς
2850 4098 3061 4161 πολλοῖς
3087 4097 3338 4166 νομισθῇ,
3364 4098 3450 4151 διὰ
3500 4098 3657 4150 τοῦτο
3685 4098 3812 4159 τοὺς
3846 4098 3993 4165 φθα-

2429 4210 2628 4255 σαντας
2658 4194 2909 4254 ἀπίστοις
2947 4194 3240 4256 συνοικεῖν,
3292 4190 3490 4243 κωλύει
3525 4188 3875 4259 διαιρεῖσθαι.
3926 4190 4003 4242 υῦ

2426 4286 2535 4355 γὰρ
2561 4286 2830 4356 περὶτῶν
2861 4286 3030 4354 μήπω
3068 4284 3469 4353 γεγαμηκότων
3491 4282 3661 4333 ταῦτα
3698 4281 4003 4349 νομοθετεῖ,

2428 4377 2563 4429 ἀλλὰ
2592 4378 2718 4445 περὶ
2768 4375 2874 4427 τῶν
2900 4374 3222 4442 φθασάντων
3252 4375 3447 4442 γῆμαι.
3481 4374 3552 4425 Οὺ
3586 4372 3693 4440 γὰρ
3722 4366 3900 4434 εἶπεν,
3940 4370 4011 4422 Εἴ

2428 4486 2510 4531 τις
2542 4467 2788 4537 βούλεται
2818 4466 2998 4518 λαϐεῖν
3029 4466 3280 4525 ἄπιστον,
3313 4464 3450 4524 ἀλλ’,
3488 4482 3505 4512 ι
3544 4464 3609 4515 Ei
3657 4478 3741 4523 τις
3794 4462 3931 4529 ἔχει.
3977 4480 3995 4510 ι

743 4559 862 4612 vult
908 4558 1158 4625 accipere
1209 4555 1505 4615 inﬁdelem.
1558 4555 1653 4609 sed
1709 4573 1727 4606 ι
1775 4554 1832 4609 Si
1879 4556 2004 4624 quis
2050 4555 2235 4611 habet.
2294 4576 2311 4608 ι

2426 4560 2536 4613 καὶ
2571 4562 2679 4628 γὰρ
2715 4556 3029 4610 συνέϐαινεν
3061 4553 3391 4624 ἀνδρογύνου
3414 4553 3587 4615 ϐντος,
3624 4552 3721 4603 ἕνα
3774 4552 4005 4603 πιστεῦ-

744 4648 1119 4718 L‘onlingebat
1164 4647 1312 4701 enim
1364 4646 1417 4701 in
1456 4648 1712 4716 conjugio
1748 4655 1808 4700 ut
1856 4662 1999 4700 unus
2042 4647 2314 4715 crederet,

744 4740 884 4791 alter
932 4752 1065 4791 vero
1120 4736 1172 4790 in
1230 4736 1617 4790 incredulitate
1663 4746 2032 4805 permaneret.
2085 4758 2102 4787 ι
2142 4737 2317 4793 liabet

744 4828 1045 4882 inﬁdelem.
1084 4846 1101 4878 ι
1131 4825 1271 4893 Quid
1306 4827 1469 4896 ergo?
1493 4826 1535 4878 si
1568 4827 1620 4879 in
1654 4835 1845 4895 stupro
1880 4828 2127 4895 capiatur
2157 4844 2314 4891 uxor,

746 4920 1075 4987 permissum
1112 4927 1195 4972 est
1227 4917 1399 4986 ipsam
1436 4917 1735 4979 dimittere,
1773 4918 1816 4971 si
1851 4936 1981 4971 vero
2011 4920 2081 4973 sit
2124 4920 2317 4974 inﬁde-

747 5014 831 5071 lis,
866 5027 977 5063 non
1017 5010 1181 5063 licet?
1228 5011 1389 5079 Atqui
1460 5013 1613 5078 peior
1656 5020 1740 5065 est
1787 5012 2101 5065 inﬁdelitas.
2158 5014 2317 5081 Pejor

745 5102 968 5170 quidem
1001 5109 1105 5161 est,
1152 5101 1247 5154 sed
1285 5100 1338 5155 in
1383 5102 1631 5156 adultera
1660 5114 1848 5172 aperta
1884 5113 1967 5157 est
1999 5105 2226 5164 malitia.
2261 5106 2315 5159 in

745 5193 952 5249 inﬁdeli
996 5209 1126 5247 vero
1154 5194 1460 5263 ignorantia
1506 5197 1688 5263 potius
1731 5197 1921 5250 subest
1954 5212 2117 5266 quam
2158 5199 2316 5251 mali-

746 5284 839 5336 lia.
890 5284 1021 5336 Erat
1068 5299 1290 5353 quoque
1330 5284 1631 5338 verisimile
1680 5302 1798 5339 eam
1852 5298 2208 5354 cessaturam,
2262 5296 2317 5343 et

744 5377 890 5445 quod
946 5377 1326 5431 inﬁdelitatem
1372 5380 1713 5449 relinqueret
1765 5382 1908 5449 (nam
1944 5392 1999 5435 et
2049 5384 2153 5435 hoc
2182 5384 2317 5438 dicit

743 5469 859 5539 ipse
888 5470 1088 5523 Paulus
1120 5488 1130 5520 :
1163 5472 1300 5536 Quid
1325 5474 1471 5525 enim
1502 5473 1668 5536 nosti,
1706 5488 1860 5536 uxor,
1898 5490 1966 5527 an
1994 5476 2170 5529 virum
2197 5492 2316 5530 ser-

742 5564 950 5635 vabis?)
977 5566 1021 5619 si
1049 5567 1241 5620 saltem
1285 5570 1589 5623 asscntitur
1624 5570 1689 5622 ad
1717 5570 2166 5625 eohabitandum.
2202 5594 2218 5624 ι
2254 5575 2317 5627 Et

745 5657 859 5711 haec
890 5659 1242 5713 assentilur.»
1268 5658 1321 5713 Si
1349 5661 1487 5726 vult,
1521 5662 1719 5731 inquit.
1746 5663 1900 5727 Quod
1928 5664 2072 5717 enim
2096 5663 2316 5733 dispen-

747 5750 899 5803 dium
934 5753 1085 5806 estsi
1118 5752 1224 5807 ﬁde
1249 5752 1413 5808 unius
1438 5756 1607 5824 partis
1638 5756 1851 5810 sincera
1886 5767 2160 5821 manente,
2192 5773 2316 5827 spes

748 5840 889 5895 bona
914 5840 984 5895 sit
1005 5843 1150 5913 quod
1176 5843 1411 5901 inﬁdelis
1431 5852 1673 5916 tempore
1699 5847 2001 5902 mutabitur
2025 5854 2083 5901 ut
2104 5847 2316 5904 credat?

2423 4669 2535 4717 σαι,
2566 4651 2795 4719 θάτερον
2826 4649 2883 4702 δὲ
2913 4649 2972 4701 ὲν
3000 4648 3230 4717 ἀπιστίᾳ
3258 4646 3459 4716 μεῖναι.
3491 4645 3677 4713 (Ἔχει
3708 4643 3998 4697 amatam»

2420 4742 2486 4794 Ti
2529 4742 2656 4806 οῦν;
2697 4742 2745 4793 εἰ
2779 4741 2838 4794 ὲν
2878 4739 3106 4809 πορνείᾳ
3160 4738 3273 4808 ά.λῴ
3314 4740 3345 4807 ἡ
3388 4738 3548 4805 γυνὴ,
3580 4738 3799 4805 ἀφεῖναι
3825 4738 4002 4805 abripi

2420 4833 2831 4901 ἐπιτέτραπται·
2863 4832 2911 4883 εἰ
2942 4832 2999 4883 δὲ
3035 4831 3279 4892 ἄπιστος,
3313 4829 3411 4880 οῦκ
3442 4828 3521 4879 ἔτι
3548 4844 3561 4889 ;
3593 4830 3768 4879 καίτοι
3813 4830 3999 4895 χεῖρον

2422 4928 2453 4996 ἡ
2494 4926 2739 4980 ἀπιστία.
2776 4925 2970 4993 Χεῖρον
3016 4924 3133 4991 μὲν,
3170 4922 3282 4973 ἀλλ’
3309 4923 3400 4972 ἐπὶ
3438 4921 3534 4987 τῆς
3566 4921 3770 4988 πύρνῃς
3800 4922 4000 4981 ὁμολο-

2420 5018 2656 5085 γουμένη
2674 5016 2819 5067 ἐστὶν
2914 5013 3165 5080 πονηρῖα,
3189 5014 3279 5064 ἐπὶ
3307 5012 3363 5063 δὲ
3406 5012 3500 5079 τῆς
3529 5012 3757 5062 dtis-nu
3802 5014 3999 5076 ἄγνοια

2425 5108 2622 5177 μᾶλλον
2673 5109 2840 5171 ἐστιν,
2896 5106 2927 5174 ἢ
2965 5105 3221 5173 πονηρία,
3257 5106 3320 5173 ἣν
3382 5106 3477 5155 καὶ
3518 5102 3790 5171 παυθῆναι
3825 5106 3995 5165 sini:

2418 5199 2576 5252 τοῦτο
2600 5200 2709 5268 γὰρ
2753 5199 2845 5252 καὶ
2876 5199 3035 5259 αὐτός
3074 5213 3226 5266 σησι·
3271 5197 3365 5247 «Τί
3397 5198 3503 5265 γαρ
3531 5192 3700 5256 οἶδας,
3730 5197 3919 5261 γύναι,
3952 5199 3997 5248 εί

2419 5292 2508 5343 τὸν
2526 5292 2690 5360 ἄνδρα
2705 5289 2893 5351 σώσεις
2915 5306 2961 5353 ς»
2990 5290 3148 5357 μόνον
3176 5290 3269 5340 ἐὰν
3296 5290 3602 5340 συνευδοκεῖ
3627 5292 3818 5339 οἰκεῖν.
3854 5310 3869 5337 ι
3890 5291 3998 5341 Καὶ

2421 5384 2557 5451 αὑτὴ
2596 5383 2922 5435 συνευδοκεῖ.
2966 5400 2982 5431 ι
3024 5382 3087 5432 Εἰ
3123 5381 3394 5448 βούλεται,
3440 5381 3592 5448 φησί.
3635 5380 3697 5431 ΤΞ
3732 5382 3842 5448 γαρ
3877 5384 3995 5431 ἐστι

2423 5476 2637 5545 βλάϐος,
2672 5476 2718 5527 εἰ
2764 5474 2863 5541 τῆς
2896 5474 3133 5535 πίστεως
3177 5474 3269 5524 τοῦ
3318 5474 3434 5535 ἐνὸς
3474 5474 3671 5541 μέρους
3727 5475 3995 5543 ἀκεραίου

2422 5566 2711 5637 μενούσης,
2761 5566 2914 5627 ἐλπὶς
2964 5565 3048 5633 εἴη
3097 5567 3331 5635 χρηστὴ,
3378 5565 3470 5618 καὶ
3520 5566 3611 5616 τὸν
3656 5565 3886 5617 ἄπιστον
3920 5566 3996 5633 τῷ

2420 5662 2595 5732 χρόνῳ
2638 5660 3007 5730 μεταϐαλόντα
3066 5660 3384 5722 πιστεῦσαι;
3449 5678 3465 5710 ι
3509 5661 3599 5728 Μὴ
3635 5661 3846 5729 ἀφιέτω
3898 5663 3995 5715 αὖε

2418 5756 2538 5825 τήν.
2574 5774 2591 5806 ι
2630 5755 2688 5805 Εἰ
2724 5754 2749 5805 ὁ
2780 5754 3119 5822 κολλώμενος
3152 5757 3215 5823 τῇ
3255 5754 3429 5824 πόρνῃ
3468 5753 3525 5805 ἓν
3556 5754 3716 5822 σῶμα
3751 5756 3990 5820 γίνεται,

2421 5850 2517 5904 καὶ
2548 5850 2576 5902 ὁ
2617 5848 2952 5920 κολλώμενος
2984 5849 3048 5918 τῇ
3081 5848 3294 5919 ἀπίστῳ
3319 5847 3560 5918 δηλονότι
3600 5847 3657 5901 ἓν
3700 5848 3859 5920 σῶμα
3895 5851 3986 5915 ’,νί-
