  <div class='ocr_page' id='page_1' title='image "/cluster/home/n/w/nwhite01/storage/ocr_20150623/118/nnc1.0046980148/374.png"; bbox 0 0 4194 6468; ppageno 0'>
   <div class='ocr_carea' id='block_1_1' title="bbox 167 370 274 445">
    <p class='ocr_par' dir='ltr' id='par_1_1' title="bbox 167 370 274 445">
     <span class='ocr_line' id='line_1_1' title="bbox 167 370 274 445; baseline 0.019 -2"><span class='ocrx_word' id='word_1_1' title='bbox 167 370 274 445; x_wconf 76' lang='lat'><strong>7&#39;29</strong></span> 
     </span>
    </p>
   </div>
   <div class='ocr_carea' id='block_1_2' title="bbox 1099 400 2488 477">
    <p class='ocr_par' dir='ltr' id='par_1_2' title="bbox 1099 400 2488 477">
     <span class='ocr_line' id='line_1_2' title="bbox 1099 400 2488 477; baseline 0.014 -20"><span class='ocrx_word' id='word_1_2' title='bbox 1099 400 1490 462; x_wconf 71' lang='lat' dir='ltr'><strong>COMMEN&#39;I‘.</strong></span> <span class='ocrx_word' id='word_1_3' title='bbox 1531 405 1612 464; x_wconf 66' lang='lat' dir='ltr'><strong>IN</strong></span> <span class='ocrx_word' id='word_1_4' title='bbox 1647 406 1883 468; x_wconf 79' lang='lat' dir='ltr'><strong>EPIST.</strong></span> <span class='ocrx_word' id='word_1_5' title='bbox 1929 409 1954 469; x_wconf 84' lang='grc' dir='ltr'>Ι</span> <span class='ocrx_word' id='word_1_6' title='bbox 1991 413 2092 472; x_wconf 84' lang='lat' dir='ltr'><strong>AD</strong></span> <span class='ocrx_word' id='word_1_7' title='bbox 2123 411 2488 477; x_wconf 80' lang='lat' dir='ltr'><strong>CORINTH.</strong></span> 
     </span>
    </p>
   </div>
   <div class='ocr_carea' id='block_1_3' title="bbox 3351 427 3460 490">
    <p class='ocr_par' dir='ltr' id='par_1_3' title="bbox 3351 427 3460 490">
     <span class='ocr_line' id='line_1_3' title="bbox 3351 427 3460 490; baseline 0.018 -2"><span class='ocrx_word' id='word_1_8' title='bbox 3351 427 3460 490; x_wconf 82' lang='lat'><strong>730</strong></span> 
     </span>
    </p>
   </div>
   <div class='ocr_carea' id='block_1_4' title="bbox 165 500 1744 603">
    <p class='ocr_par' dir='ltr' id='par_1_4' title="bbox 165 500 1744 585">
     <span class='ocr_line' id='line_1_4' title="bbox 165 500 1744 585; baseline 0.013 -37"><span class='ocrx_word' id='word_1_9' title='bbox 165 515 342 564; x_wconf 79' lang='grc' dir='ltr'>νεται,</span> <span class='ocrx_word' id='word_1_10' title='bbox 373 500 492 565; x_wconf 79' lang='grc' dir='ltr'><strong>πῶς</strong></span> <span class='ocrx_word' id='word_1_11' title='bbox 524 503 700 556; x_wconf 79' lang='grc' dir='ltr'>ἐκεῖνο</span> <span class='ocrx_word' id='word_1_12' title='bbox 730 505 830 574; x_wconf 84' lang='grc' dir='ltr'>μὲν</span> <span class='ocrx_word' id='word_1_13' title='bbox 871 506 1090 574; x_wconf 75' lang='grc' dir='ltr'>κωλύει,</span> <span class='ocrx_word' id='word_1_14' title='bbox 1119 511 1278 565; x_wconf 81' lang='grc' dir='ltr'>τοῦτο</span> <span class='ocrx_word' id='word_1_15' title='bbox 1302 514 1360 566; x_wconf 81' lang='grc' dir='ltr'><strong>δέ</strong></span> <span class='ocrx_word' id='word_1_16' title='bbox 1385 513 1481 581; x_wconf 66' lang='lat' dir='ltr'><strong>ob;</strong></span> <span class='ocrx_word' id='word_1_17' title='bbox 1513 517 1620 570; x_wconf 83' lang='grc' dir='ltr'>Καί</span> <span class='ocrx_word' id='word_1_18' title='bbox 1653 535 1744 585; x_wconf 66' lang='grc' dir='ltr'>φας</span> 
     </span>
    </p>
   </div>
   <div class='ocr_carea' id='block_1_5' title="bbox 1848 500 3454 603">
    <p class='ocr_par' dir='ltr' id='par_1_5' title="bbox 1873 519 3454 603">
     <span class='ocr_line' id='line_1_5' title="bbox 1873 519 3454 603; baseline 0.012 -31"><span class='ocrx_word' id='word_1_19' title='bbox 1873 539 1891 570; x_wconf 85' lang='grc'><strong><em>‹</em></strong></span> <span class='ocrx_word' id='word_1_20' title='bbox 1925 519 2004 576; x_wconf 82' lang='lat' dir='ltr'><strong>Ne</strong></span> <span class='ocrx_word' id='word_1_21' title='bbox 2032 520 2274 578; x_wconf 93' lang='lat' dir='ltr'><strong>dimittat</strong></span> <span class='ocrx_word' id='word_1_22' title='bbox 2300 542 2443 581; x_wconf 89' lang='lat' dir='ltr'><strong>eam.</strong></span> <span class='ocrx_word' id='word_1_23' title='bbox 2485 547 2503 579; x_wconf 77' lang='grc' dir='ltr'><strong>ι</strong></span> <span class='ocrx_word' id='word_1_24' title='bbox 2538 527 2593 581; x_wconf 87' lang='lat' dir='ltr'><strong>Si</strong></span> <span class='ocrx_word' id='word_1_25' title='bbox 2624 527 2670 582; x_wconf 88' lang='lat' dir='ltr'><strong>is</strong></span> <span class='ocrx_word' id='word_1_26' title='bbox 2694 529 2788 598; x_wconf 92' lang='lat' dir='ltr'><strong>qui</strong></span> <span class='ocrx_word' id='word_1_27' title='bbox 2826 531 3200 600; x_wconf 80' lang='lat' dir='ltr'><strong>agglutinatur</strong></span> <span class='ocrx_word' id='word_1_28' title='bbox 3245 547 3454 603; x_wconf 83' lang='lat' dir='ltr'><strong>scorto,</strong></span> 
     </span>
    </p>
   </div>
   <div class='ocr_carea' id='block_1_6' title="bbox 165 589 1759 674">
    <p class='ocr_par' dir='ltr' id='par_1_6' title="bbox 165 589 1759 674">
     <span class='ocr_line' id='line_1_6' title="bbox 165 589 1759 674; baseline 0.013 -34"><span class='ocrx_word' id='word_1_29' title='bbox 165 605 291 657; x_wconf 81' lang='grc' dir='ltr'>μεν,</span> <span class='ocrx_word' id='word_1_30' title='bbox 314 589 376 642; x_wconf 86' lang='grc' dir='ltr'>ἒν</span> <span class='ocrx_word' id='word_1_31' title='bbox 407 593 510 660; x_wconf 85' lang='grc' dir='ltr'>μὲν</span> <span class='ocrx_word' id='word_1_32' title='bbox 543 594 703 664; x_wconf 79' lang='grc' dir='ltr'>σῶμα</span> <span class='ocrx_word' id='word_1_33' title='bbox 737 597 832 650; x_wconf 77' lang='grc' dir='ltr'>καὶ</span> <span class='ocrx_word' id='word_1_34' title='bbox 861 599 953 652; x_wconf 74' lang='grc' dir='ltr'>ἐπὶ</span> <span class='ocrx_word' id='word_1_35' title='bbox 991 602 1088 671; x_wconf 84' lang='grc' dir='ltr'>τῆς</span> <span class='ocrx_word' id='word_1_36' title='bbox 1108 603 1339 657; x_wconf 82' lang='grc' dir='ltr'><strong>ἀπίστου</strong></span> <span class='ocrx_word' id='word_1_37' title='bbox 1365 606 1594 674; x_wconf 83' lang='grc' dir='ltr'>γίνεται,</span> <span class='ocrx_word' id='word_1_38' title='bbox 1623 609 1759 662; x_wconf 75' lang='grc' dir='ltr'>ἀλλὰ</span> 
     </span>
    </p>
   </div>
   <div class='ocr_carea' id='block_1_7' title="bbox 163 683 1758 772">
    <p class='ocr_par' dir='ltr' id='par_1_7' title="bbox 163 683 1758 772">
     <span class='ocr_line' id='line_1_7' title="bbox 163 683 1758 772; baseline 0.014 -40"><span class='ocrx_word' id='word_1_39' title='bbox 163 683 291 750; x_wconf 78' lang='grc' dir='ltr'><strong>νικᾷ</strong></span> <span class='ocrx_word' id='word_1_40' title='bbox 337 684 372 754; x_wconf 81' lang='grc' dir='ltr'>ἡ</span> <span class='ocrx_word' id='word_1_41' title='bbox 408 685 724 758; x_wconf 73' lang='grc' dir='ltr'><strong>καθαρότης</strong></span> <span class='ocrx_word' id='word_1_42' title='bbox 758 689 852 741; x_wconf 85' lang='grc' dir='ltr'><strong>τοῦ</strong></span> <span class='ocrx_word' id='word_1_43' title='bbox 881 693 1077 746; x_wconf 79' lang='grc' dir='ltr'><strong>πιστοῦ</strong></span> <span class='ocrx_word' id='word_1_44' title='bbox 1114 694 1340 764; x_wconf 78' lang='grc' dir='ltr'><strong>μέρους,</strong></span> <span class='ocrx_word' id='word_1_45' title='bbox 1372 699 1471 768; x_wconf 78' lang='grc' dir='ltr'>τὴν</span> <span class='ocrx_word' id='word_1_46' title='bbox 1508 700 1758 772; x_wconf 83' lang='grc' dir='ltr'>ἀκαθαρ-</span> 
     </span>
    </p>
   </div>
   <div class='ocr_carea' id='block_1_8' title="bbox 165 772 1759 862">
    <p class='ocr_par' dir='ltr' id='par_1_8' title="bbox 165 772 1759 862">
     <span class='ocr_line' id='line_1_8' title="bbox 165 772 1759 862; baseline 0.018 -37"><span class='ocrx_word' id='word_1_47' title='bbox 165 772 288 827; x_wconf 82' lang='grc' dir='ltr'>σίαν</span> <span class='ocrx_word' id='word_1_48' title='bbox 335 776 432 828; x_wconf 87' lang='grc' dir='ltr'><strong>τοῦ</strong></span> <span class='ocrx_word' id='word_1_49' title='bbox 479 779 735 834; x_wconf 75' lang='grc' dir='ltr'><strong>ἀπίστου.</strong></span> <span class='ocrx_word' id='word_1_50' title='bbox 777 782 937 847; x_wconf 86' lang='grc' dir='ltr'><strong>Πῶς;</strong></span> <span class='ocrx_word' id='word_1_51' title='bbox 987 785 1110 838; x_wconf 70' lang='grc' dir='ltr'>Ἐπὶ</span> <span class='ocrx_word' id='word_1_52' title='bbox 1143 788 1244 855; x_wconf 81' lang='grc' dir='ltr'>μὲν</span> <span class='ocrx_word' id='word_1_53' title='bbox 1269 789 1377 860; x_wconf 76' lang='grc' dir='ltr'><strong>γὰρ</strong></span> <span class='ocrx_word' id='word_1_54' title='bbox 1408 791 1507 860; x_wconf 75' lang='grc' dir='ltr'>τῆς</span> <span class='ocrx_word' id='word_1_55' title='bbox 1550 793 1759 862; x_wconf 73' lang='grc' dir='ltr'>πόρνης</span> 
     </span>
    </p>
   </div>
   <div class='ocr_carea' id='block_1_9' title="bbox 161 864 1757 954">
    <p class='ocr_par' dir='ltr' id='par_1_9' title="bbox 161 864 1757 954">
     <span class='ocr_line' id='line_1_9' title="bbox 161 864 1757 954; baseline 0.013 -39"><span class='ocrx_word' id='word_1_56' title='bbox 161 864 478 935; x_wconf 75' lang='grc' dir='ltr'>ἀμφότεροι</span> <span class='ocrx_word' id='word_1_57' title='bbox 522 871 851 942; x_wconf 83' lang='grc' dir='ltr'>ἀκάθαρτοι,</span> <span class='ocrx_word' id='word_1_58' title='bbox 908 876 1004 929; x_wconf 72' lang='grc' dir='ltr'>καὶ</span> <span class='ocrx_word' id='word_1_59' title='bbox 1043 878 1076 948; x_wconf 81' lang='grc' dir='ltr'>ὴ</span> <span class='ocrx_word' id='word_1_60' title='bbox 1124 879 1298 949; x_wconf 84' lang='grc' dir='ltr'>πόρνη</span> <span class='ocrx_word' id='word_1_61' title='bbox 1357 881 1454 933; x_wconf 71' lang='grc' dir='ltr'>καὶ</span> <span class='ocrx_word' id='word_1_62' title='bbox 1493 884 1520 934; x_wconf 82' lang='grc' dir='ltr'>ὁ</span> <span class='ocrx_word' id='word_1_63' title='bbox 1551 882 1646 934; x_wconf 76' lang='grc' dir='ltr'>ἐπὶ</span> <span class='ocrx_word' id='word_1_64' title='bbox 1677 883 1757 954; x_wconf 82' lang='grc' dir='ltr'>τῷ</span> 
     </span>
    </p>
   </div>
   <div class='ocr_carea' id='block_1_10' title="bbox 160 956 1757 1044">
    <p class='ocr_par' dir='ltr' id='par_1_10' title="bbox 160 956 1757 1044">
     <span class='ocr_line' id='line_1_10' title="bbox 160 956 1757 1044; baseline 0.014 -39"><span class='ocrx_word' id='word_1_65' title='bbox 160 956 465 1024; x_wconf 75' lang='grc' dir='ltr'>πορνεῦσαι</span> <span class='ocrx_word' id='word_1_66' title='bbox 489 965 750 1031; x_wconf 86' lang='grc' dir='ltr'>προσιών.</span> <span class='ocrx_word' id='word_1_67' title='bbox 799 967 924 1020; x_wconf 80' lang='grc' dir='ltr'><strong>Ἐπὶ</strong></span> <span class='ocrx_word' id='word_1_68' title='bbox 954 967 1011 1022; x_wconf 76' lang='grc' dir='ltr'>δὲ</span> <span class='ocrx_word' id='word_1_69' title='bbox 1040 969 1139 1039; x_wconf 83' lang='grc' dir='ltr'>τῆς</span> <span class='ocrx_word' id='word_1_70' title='bbox 1173 971 1426 1035; x_wconf 81' lang='grc' dir='ltr'>ἀπίστου,</span> <span class='ocrx_word' id='word_1_71' title='bbox 1477 971 1617 1042; x_wconf 81' lang='grc' dir='ltr'>αῦτη</span> <span class='ocrx_word' id='word_1_72' title='bbox 1658 976 1757 1044; x_wconf 89' lang='grc' dir='ltr'><strong>μέν</strong></span> 
     </span>
    </p>
   </div>
   <div class='ocr_carea' id='block_1_11' title="bbox 158 1047 1754 1135">
    <p class='ocr_par' dir='ltr' id='par_1_11' title="bbox 158 1047 1754 1135">
     <span class='ocr_line' id='line_1_11' title="bbox 158 1047 1754 1135; baseline 0.016 -38"><span class='ocrx_word' id='word_1_73' title='bbox 158 1047 301 1100; x_wconf 80' lang='grc' dir='ltr'>καθό</span> <span class='ocrx_word' id='word_1_74' title='bbox 330 1049 480 1103; x_wconf 87' lang='grc' dir='ltr'>ἐστιν</span> <span class='ocrx_word' id='word_1_75' title='bbox 499 1053 749 1123; x_wconf 72' lang='grc' dir='ltr'>ἄπιστος,</span> <span class='ocrx_word' id='word_1_76' title='bbox 765 1059 1095 1130; x_wconf 80' lang='grc' dir='ltr'>ἀκάθαρτος,</span> <span class='ocrx_word' id='word_1_77' title='bbox 1125 1063 1152 1113; x_wconf 75' lang='grc' dir='ltr'>ὁ</span> <span class='ocrx_word' id='word_1_78' title='bbox 1176 1062 1234 1114; x_wconf 83' lang='grc' dir='ltr'>δὲ</span> <span class='ocrx_word' id='word_1_79' title='bbox 1265 1063 1505 1135; x_wconf 72' lang='grc' dir='ltr'>προσιὼν</span> <span class='ocrx_word' id='word_1_80' title='bbox 1531 1066 1632 1119; x_wconf 76' lang='grc' dir='ltr'>οὐκ</span> <span class='ocrx_word' id='word_1_81' title='bbox 1651 1065 1754 1123; x_wconf 80' lang='grc' dir='ltr'>ἔτι.</span> 
     </span>
    </p>
   </div>
   <div class='ocr_carea' id='block_1_12' title="bbox 157 1137 1750 1229">
    <p class='ocr_par' dir='ltr' id='par_1_12' title="bbox 157 1137 1750 1229">
     <span class='ocr_line' id='line_1_12' title="bbox 157 1137 1750 1229; baseline 0.021 -41"><span class='ocrx_word' id='word_1_82' title='bbox 157 1137 236 1189; x_wconf 82' lang='grc' dir='ltr'><strong>Οὐ</strong></span> <span class='ocrx_word' id='word_1_83' title='bbox 266 1141 378 1208; x_wconf 72' lang='grc' dir='ltr'><strong>γὰρ</strong></span> <span class='ocrx_word' id='word_1_84' title='bbox 401 1142 486 1196; x_wconf 84' lang='grc' dir='ltr'>ἵνα</span> <span class='ocrx_word' id='word_1_85' title='bbox 516 1145 625 1198; x_wconf 80' lang='grc' dir='ltr'><strong>τῶν</strong></span> <span class='ocrx_word' id='word_1_86' title='bbox 649 1151 1120 1221; x_wconf 72' lang='grc' dir='ltr'><strong>ἀπηγορευμένων</strong></span> <span class='ocrx_word' id='word_1_87' title='bbox 1143 1171 1195 1208; x_wconf 87' lang='grc' dir='ltr'><strong>τι</strong></span> <span class='ocrx_word' id='word_1_88' title='bbox 1231 1157 1414 1228; x_wconf 77' lang='grc' dir='ltr'>πράξῃ</span> <span class='ocrx_word' id='word_1_89' title='bbox 1450 1158 1750 1229; x_wconf 74' lang='grc' dir='ltr'>προσέρχε-</span> 
     </span>
    </p>
   </div>
   <div class='ocr_carea' id='block_1_13' title="bbox 153 1232 1602 1319">
    <p class='ocr_par' dir='ltr' id='par_1_13' title="bbox 153 1232 1602 1319">
     <span class='ocr_line' id='line_1_13' title="bbox 153 1232 1602 1319; baseline 0.014 -35"><span class='ocrx_word' id='word_1_90' title='bbox 153 1245 270 1295; x_wconf 76' lang='grc' dir='ltr'>ται,</span> <span class='ocrx_word' id='word_1_91' title='bbox 302 1232 439 1287; x_wconf 71' lang='grc' dir='ltr'>ἀ).λά</span> <span class='ocrx_word' id='word_1_92' title='bbox 462 1236 557 1307; x_wconf 76' lang='grc' dir='ltr'>τὴν</span> <span class='ocrx_word' id='word_1_93' title='bbox 587 1241 1075 1316; x_wconf 80' lang='grc' dir='ltr'><strong>ἐπιτετραμμένην</strong></span> <span class='ocrx_word' id='word_1_94' title='bbox 1103 1247 1200 1300; x_wconf 89' lang='grc' dir='ltr'><strong>τοῦ</strong></span> <span class='ocrx_word' id='word_1_95' title='bbox 1227 1249 1404 1319; x_wconf 81' lang='grc' dir='ltr'>γάμου</span> <span class='ocrx_word' id='word_1_96' title='bbox 1432 1249 1602 1318; x_wconf 79' lang='grc' dir='ltr'>μίξιν.</span> 
     </span>
    </p>
   </div>
   <div class='ocr_carea' id='block_1_14' title="bbox 1870 619 3454 694">
    <p class='ocr_par' dir='ltr' id='par_1_14' title="bbox 1870 619 3454 694">
     <span class='ocr_line' id='line_1_14' title="bbox 1870 619 3454 694; baseline 0.01 -28"><span class='ocrx_word' id='word_1_97' title='bbox 1870 628 2041 668; x_wconf 90' lang='lat' dir='ltr'><strong>unum</strong></span> <span class='ocrx_word' id='word_1_98' title='bbox 2080 630 2283 685; x_wconf 90' lang='lat' dir='ltr'><strong>corpus</strong></span> <span class='ocrx_word' id='word_1_99' title='bbox 2301 619 2536 674; x_wconf 87' lang='lat' dir='ltr'><strong>eﬁicitur</strong></span> <span class='ocrx_word' id='word_1_100' title='bbox 2569 637 2582 674; x_wconf 91' lang='lat'><strong>:</strong></span> <span class='ocrx_word' id='word_1_101' title='bbox 2611 629 2668 675; x_wconf 93' lang='lat' dir='ltr'><strong>et</strong></span> <span class='ocrx_word' id='word_1_102' title='bbox 2692 621 2786 690; x_wconf 88' lang='lat' dir='ltr'><strong>qui</strong></span> <span class='ocrx_word' id='word_1_103' title='bbox 2817 625 3192 692; x_wconf 81' lang='lat' dir='ltr'><strong>agglutinatur</strong></span> <span class='ocrx_word' id='word_1_104' title='bbox 3221 625 3454 694; x_wconf 90' lang='lat' dir='ltr'><strong>inﬁdcli,</strong></span> 
     </span>
    </p>
   </div>
   <div class='ocr_carea' id='block_1_15' title="bbox 1865 704 3458 787">
    <p class='ocr_par' dir='ltr' id='par_1_15' title="bbox 1865 704 3458 787">
     <span class='ocr_line' id='line_1_15' title="bbox 1865 704 3458 787; baseline 0.009 -29"><span class='ocrx_word' id='word_1_105' title='bbox 1865 704 2058 760; x_wconf 87' lang='lat' dir='ltr'><strong>itidem</strong></span> <span class='ocrx_word' id='word_1_106' title='bbox 2089 723 2259 762; x_wconf 93' lang='lat' dir='ltr'><strong>unum</strong></span> <span class='ocrx_word' id='word_1_107' title='bbox 2295 724 2495 778; x_wconf 92' lang='lat' dir='ltr'><strong>corpus</strong></span> <span class='ocrx_word' id='word_1_108' title='bbox 2524 711 2760 767; x_wconf 79' lang='lat' dir='ltr'><strong>efﬁcitur</strong></span> <span class='ocrx_word' id='word_1_109' title='bbox 2802 729 2815 766; x_wconf 74' lang='grc' dir='ltr'><strong><em>τ</em></strong></span> <span class='ocrx_word' id='word_1_110' title='bbox 2851 715 3129 782; x_wconf 91' lang='lat' dir='ltr'><strong>quomodo</strong></span> <span class='ocrx_word' id='word_1_111' title='bbox 3162 716 3297 770; x_wconf 92' lang='lat' dir='ltr'><strong>illud</strong></span> <span class='ocrx_word' id='word_1_112' title='bbox 3329 734 3458 787; x_wconf 88' lang='lat' dir='ltr'><strong>pro-</strong></span> 
     </span>
    </p>
   </div>
   <div class='ocr_carea' id='block_1_16' title="bbox 1869 794 3454 876">
    <p class='ocr_par' dir='ltr' id='par_1_16' title="bbox 1869 794 3454 876">
     <span class='ocr_line' id='line_1_16' title="bbox 1869 794 3454 876; baseline 0.008 -28"><span class='ocrx_word' id='word_1_113' title='bbox 1869 794 2044 860; x_wconf 83' lang='lat' dir='ltr'><strong>hibet,</strong></span> <span class='ocrx_word' id='word_1_114' title='bbox 2080 797 2226 852; x_wconf 88' lang='lat' dir='ltr'><strong>istud</strong></span> <span class='ocrx_word' id='word_1_115' title='bbox 2257 815 2390 854; x_wconf 85' lang='lat' dir='ltr'><strong>vero</strong></span> <span class='ocrx_word' id='word_1_116' title='bbox 2419 803 2567 855; x_wconf 85' lang='lat' dir='ltr'><strong>non?</strong></span> <span class='ocrx_word' id='word_1_117' title='bbox 2596 803 2662 856; x_wconf 89' lang='lat' dir='ltr'><strong>Et</strong></span> <span class='ocrx_word' id='word_1_118' title='bbox 2689 802 2930 857; x_wconf 87' lang='lat' dir='ltr'><strong>dicimus</strong></span> <span class='ocrx_word' id='word_1_119' title='bbox 2954 805 3102 873; x_wconf 92' lang='lat' dir='ltr'><strong>quod</strong></span> <span class='ocrx_word' id='word_1_120' title='bbox 3133 822 3302 859; x_wconf 91' lang='lat' dir='ltr'><strong>unum</strong></span> <span class='ocrx_word' id='word_1_121' title='bbox 3330 808 3454 876; x_wconf 87' lang='lat' dir='ltr'><strong>qui-</strong></span> 
     </span>
    </p>
   </div>
   <div class='ocr_carea' id='block_1_17' title="bbox 1871 887 3454 966">
    <p class='ocr_par' dir='ltr' id='par_1_17' title="bbox 1871 887 3454 966">
     <span class='ocr_line' id='line_1_17' title="bbox 1871 887 3454 966; baseline 0.006 -24"><span class='ocrx_word' id='word_1_122' title='bbox 1871 887 1996 942; x_wconf 88' lang='lat' dir='ltr'><strong>dem</strong></span> <span class='ocrx_word' id='word_1_123' title='bbox 2029 903 2234 959; x_wconf 89' lang='lat' dir='ltr'><strong>corpus</strong></span> <span class='ocrx_word' id='word_1_124' title='bbox 2264 893 2430 946; x_wconf 86' lang='lat' dir='ltr'><strong>etiam</strong></span> <span class='ocrx_word' id='word_1_125' title='bbox 2487 893 2540 946; x_wconf 90' lang='lat' dir='ltr'><strong>in</strong></span> <span class='ocrx_word' id='word_1_126' title='bbox 2572 893 2778 948; x_wconf 89' lang='lat' dir='ltr'><strong>inﬁdeli</strong></span> <span class='ocrx_word' id='word_1_127' title='bbox 2811 893 3071 960; x_wconf 84' lang='lat' dir='ltr'><strong>elﬁcitur,</strong></span> <span class='ocrx_word' id='word_1_128' title='bbox 3113 897 3206 950; x_wconf 87' lang='lat' dir='ltr'><strong>sed</strong></span> <span class='ocrx_word' id='word_1_129' title='bbox 3241 900 3454 966; x_wconf 80' lang='lat' dir='ltr'><strong>paritas</strong></span> 
     </span>
    </p>
   </div>
   <div class='ocr_carea' id='block_1_18' title="bbox 1865 981 3452 1056">
    <p class='ocr_par' dir='ltr' id='par_1_18' title="bbox 1865 981 3452 1056">
     <span class='ocr_line' id='line_1_18' title="bbox 1865 981 3452 1056; baseline 0.008 -23"><span class='ocrx_word' id='word_1_130' title='bbox 1865 981 2040 1051; x_wconf 87' lang='lat' dir='ltr'><strong>partis</strong></span> <span class='ocrx_word' id='word_1_131' title='bbox 2061 982 2238 1038; x_wconf 92' lang='lat' dir='ltr'><strong>ﬁdelis</strong></span> <span class='ocrx_word' id='word_1_132' title='bbox 2261 986 2433 1039; x_wconf 89' lang='lat' dir='ltr'><strong>vineit</strong></span> <span class='ocrx_word' id='word_1_133' title='bbox 2457 985 2830 1054; x_wconf 91' lang='lat' dir='ltr'><strong>impuritatem</strong></span> <span class='ocrx_word' id='word_1_134' title='bbox 2855 988 3114 1043; x_wconf 88' lang='lat' dir='ltr'><strong>inlidelis.</strong></span> <span class='ocrx_word' id='word_1_135' title='bbox 3137 988 3452 1056; x_wconf 88' lang='lat' dir='ltr'><strong>Quomodo?</strong></span> 
     </span>
    </p>
   </div>
   <div class='ocr_carea' id='block_1_19' title="bbox 1865 1071 3452 1146">
    <p class='ocr_par' dir='ltr' id='par_1_19' title="bbox 1865 1071 3452 1146">
     <span class='ocr_line' id='line_1_19' title="bbox 1865 1071 3452 1146; baseline 0.008 -23"><span class='ocrx_word' id='word_1_136' title='bbox 1865 1071 2082 1126; x_wconf 86' lang='lat' dir='ltr'><strong>Etenim</strong></span> <span class='ocrx_word' id='word_1_137' title='bbox 2128 1075 2182 1128; x_wconf 92' lang='lat' dir='ltr'><strong>in</strong></span> <span class='ocrx_word' id='word_1_138' title='bbox 2218 1085 2409 1142; x_wconf 87' lang='lat' dir='ltr'><strong>stupro</strong></span> <span class='ocrx_word' id='word_1_139' title='bbox 2467 1087 2700 1146; x_wconf 89' lang='lat' dir='ltr'><strong>uterque</strong></span> <span class='ocrx_word' id='word_1_140' title='bbox 2732 1077 3048 1133; x_wconf 88' lang='lat' dir='ltr'><strong>immumlus</strong></span> <span class='ocrx_word' id='word_1_141' title='bbox 3084 1089 3188 1142; x_wconf 89' lang='lat' dir='ltr'><strong>est,</strong></span> <span class='ocrx_word' id='word_1_142' title='bbox 3219 1089 3274 1133; x_wconf 93' lang='lat' dir='ltr'><strong>et</strong></span> <span class='ocrx_word' id='word_1_143' title='bbox 3303 1098 3452 1135; x_wconf 86' lang='lat' dir='ltr'><strong>scor-</strong></span> 
     </span>
    </p>
   </div>
   <div class='ocr_carea' id='block_1_20' title="bbox 1866 1169 3450 1240">
    <p class='ocr_par' dir='ltr' id='par_1_20' title="bbox 1866 1169 3450 1240">
     <span class='ocr_line' id='line_1_20' title="bbox 1866 1169 3450 1240; baseline 0.004 -20"><span class='ocrx_word' id='word_1_144' title='bbox 1866 1173 1980 1220; x_wconf 87' lang='lat' dir='ltr'><strong>tum</strong></span> <span class='ocrx_word' id='word_1_145' title='bbox 2035 1180 2092 1224; x_wconf 91' lang='lat' dir='ltr'><strong>et</strong></span> <span class='ocrx_word' id='word_1_146' title='bbox 2129 1170 2222 1240; x_wconf 86' lang='lat' dir='ltr'><strong>qui</strong></span> <span class='ocrx_word' id='word_1_147' title='bbox 2271 1169 2488 1224; x_wconf 84' lang='lat' dir='ltr'><strong>accedit</strong></span> <span class='ocrx_word' id='word_1_148' title='bbox 2518 1180 2579 1224; x_wconf 87' lang='lat' dir='ltr'><strong>ut</strong></span> <span class='ocrx_word' id='word_1_149' title='bbox 2631 1178 2931 1226; x_wconf 87' lang='lat' dir='ltr'><strong>scortetur.</strong></span> <span class='ocrx_word' id='word_1_150' title='bbox 2965 1171 3022 1224; x_wconf 92' lang='lat' dir='ltr'><strong>ln</strong></span> <span class='ocrx_word' id='word_1_151' title='bbox 3073 1173 3284 1228; x_wconf 90' lang='lat' dir='ltr'><strong>inﬁdeli</strong></span> <span class='ocrx_word' id='word_1_152' title='bbox 3319 1189 3450 1227; x_wconf 82' lang='lat' dir='ltr'><strong>vero</strong></span> 
     </span>
    </p>
   </div>
   <div class='ocr_carea' id='block_1_21' title="bbox 1857 1263 3448 1334">
    <p class='ocr_par' dir='ltr' id='par_1_21' title="bbox 1857 1263 3448 1334">
     <span class='ocr_line' id='line_1_21' title="bbox 1857 1263 3448 1334; baseline 0.006 -24"><span class='ocrx_word' id='word_1_153' title='bbox 1857 1273 2049 1324; x_wconf 77' lang='lat' dir='ltr'><strong>uxore,</strong></span> <span class='ocrx_word' id='word_1_154' title='bbox 2096 1263 2209 1331; x_wconf 89' lang='lat' dir='ltr'><strong>ipsa</strong></span> <span class='ocrx_word' id='word_1_155' title='bbox 2250 1263 2475 1331; x_wconf 83' lang='lat' dir='ltr'><strong>quidem</strong></span> <span class='ocrx_word' id='word_1_156' title='bbox 2517 1278 2581 1316; x_wconf 86' lang='lat' dir='ltr'><strong>ea</strong></span> <span class='ocrx_word' id='word_1_157' title='bbox 2620 1264 2832 1318; x_wconf 81' lang='lat' dir='ltr'><strong>ratione</strong></span> <span class='ocrx_word' id='word_1_158' title='bbox 2874 1279 2980 1334; x_wconf 90' lang='lat' dir='ltr'><strong>qua</strong></span> <span class='ocrx_word' id='word_1_159' title='bbox 3026 1264 3284 1328; x_wconf 90' lang='lat' dir='ltr'><strong>inﬁdelis,</strong></span> <span class='ocrx_word' id='word_1_160' title='bbox 3345 1267 3448 1320; x_wconf 88' lang='lat' dir='ltr'><strong>im-</strong></span> 
     </span>
    </p>
   </div>
   <div class='ocr_carea' id='block_1_22' title="bbox 156 1325 3448 1428">
    <p class='ocr_par' dir='ltr' id='par_1_22' title="bbox 156 1325 3448 1428">
     <span class='ocr_line' id='line_1_22' title="bbox 156 1325 3448 1428; baseline 0.012 -53"><span class='ocrx_word' id='word_1_161' title='bbox 156 1325 488 1428; x_wconf 61' lang='lat' dir='ltr'><strong>mundaest</strong></span> <span class='ocrx_word' id='word_1_162' title='bbox 530 1347 544 1383; x_wconf 92' lang='lat'><strong>:</strong></span> <span class='ocrx_word' id='word_1_163' title='bbox 578 1333 900 1428; x_wconf 23' lang='lat' dir='ltr'><strong>qui‘autem</strong></span> <span class='ocrx_word' id='word_1_164' title='bbox 933 1338 1146 1393; x_wconf 90' lang='lat' dir='ltr'><strong>accedit</strong></span> <span class='ocrx_word' id='word_1_165' title='bbox 1171 1341 1284 1410; x_wconf 88' lang='lat' dir='ltr'><strong>jam</strong></span> <span class='ocrx_word' id='word_1_166' title='bbox 1326 1357 1435 1396; x_wconf 89' lang='lat' dir='ltr'><strong>non</strong></span> <span class='ocrx_word' id='word_1_167' title='bbox 1470 1343 1594 1398; x_wconf 89' lang='lat' dir='ltr'><strong>talis</strong></span> <span class='ocrx_word' id='word_1_168' title='bbox 1623 1353 1728 1399; x_wconf 88' lang='lat' dir='ltr'><strong>est.</strong></span> <span class='ocrx_word' id='word_1_169' title='bbox 1775 1345 1964 1419; x_wconf 86' lang='lat' dir='ltr'><strong>Neque</strong></span> <span class='ocrx_word' id='word_1_170' title='bbox 2009 1355 2158 1408; x_wconf 80' lang='lat' dir='ltr'><strong>ettim</strong></span> <span class='ocrx_word' id='word_1_171' title='bbox 2199 1356 2413 1410; x_wconf 85' lang='lat' dir='ltr'><strong>accedit</strong></span> <span class='ocrx_word' id='word_1_172' title='bbox 2476 1364 2535 1410; x_wconf 90' lang='lat' dir='ltr'><strong>ut</strong></span> <span class='ocrx_word' id='word_1_173' title='bbox 2571 1325 2913 1426; x_wconf 79' lang='lat' dir='ltr'><strong>prohibitum</strong></span> <span class='ocrx_word' id='word_1_174' title='bbox 2964 1357 3174 1428; x_wconf 88' lang='lat' dir='ltr'><strong>aliquid</strong></span> <span class='ocrx_word' id='word_1_175' title='bbox 3236 1375 3448 1428; x_wconf 82' lang='lat' dir='ltr'><strong>opere-</strong></span> 
     </span>
    </p>
   </div>
   <div class='ocr_carea' id='block_1_23' title="bbox 157 1419 1736 1499">
    <p class='ocr_par' dir='ltr' id='par_1_23' title="bbox 157 1419 1736 1499">
     <span class='ocr_line' id='line_1_23' title="bbox 157 1419 1736 1499; baseline 0.014 -29"><span class='ocrx_word' id='word_1_176' title='bbox 157 1426 269 1476; x_wconf 85' lang='lat' dir='ltr'><strong>tur.</strong></span> <span class='ocrx_word' id='word_1_177' title='bbox 302 1419 400 1472; x_wconf 88' lang='lat' dir='ltr'><strong>sed</strong></span> <span class='ocrx_word' id='word_1_178' title='bbox 429 1431 490 1474; x_wconf 94' lang='lat' dir='ltr'><strong>ut</strong></span> <span class='ocrx_word' id='word_1_179' title='bbox 522 1426 789 1492; x_wconf 87' lang='lat' dir='ltr'><strong>permissa</strong></span> <span class='ocrx_word' id='word_1_180' title='bbox 828 1429 1070 1499; x_wconf 85' lang='lat' dir='ltr'><strong>eonjugii</strong></span> <span class='ocrx_word' id='word_1_181' title='bbox 1109 1433 1496 1489; x_wconf 87' lang='lat' dir='ltr'><strong>commistione</strong></span> <span class='ocrx_word' id='word_1_182' title='bbox 1529 1446 1736 1492; x_wconf 85' lang='lat' dir='ltr'><strong>utatur.</strong></span> 
     </span>
    </p>
   </div>
   <div class='ocr_carea' id='block_1_24' title="bbox 235 1508 1747 1594">
    <p class='ocr_par' dir='ltr' id='par_1_24' title="bbox 235 1508 1747 1594">
     <span class='ocr_line' id='line_1_24' title="bbox 235 1508 1747 1594; baseline 0.016 -34"><span class='ocrx_word' id='word_1_183' title='bbox 235 1508 344 1562; x_wconf 70' lang='grc' dir='ltr'><strong>Καὶ</strong></span> <span class='ocrx_word' id='word_1_184' title='bbox 381 1514 562 1580; x_wconf 66' lang='grc' dir='ltr'>πάλιν,</span> <span class='ocrx_word' id='word_1_185' title='bbox 599 1519 720 1570; x_wconf 82' lang='grc' dir='ltr'>κατ’</span> <span class='ocrx_word' id='word_1_186' title='bbox 750 1519 879 1573; x_wconf 76' lang='grc' dir='ltr'>ἄλλο</span> <span class='ocrx_word' id='word_1_187' title='bbox 927 1523 1027 1592; x_wconf 84' lang='grc' dir='ltr'>μὲν</span> <span class='ocrx_word' id='word_1_188' title='bbox 1062 1525 1093 1594; x_wconf 83' lang='grc' dir='ltr'><strong>ή</strong></span> <span class='ocrx_word' id='word_1_189' title='bbox 1128 1524 1363 1590; x_wconf 68' lang='grc' dir='ltr'>ἄπιστός.</span> <span class='ocrx_word' id='word_1_190' title='bbox 1402 1530 1550 1582; x_wconf 87' lang='grc' dir='ltr'>ἐστιν</span> <span class='ocrx_word' id='word_1_191' title='bbox 1607 1531 1747 1583; x_wconf 71' lang='grc' dir='ltr'>ἀκά-</span> 
     </span>
    </p>
   </div>
   <div class='ocr_carea' id='block_1_25' title="bbox 156 1603 1750 1679">
    <p class='ocr_par' dir='ltr' id='par_1_25' title="bbox 156 1603 1750 1679">
     <span class='ocr_line' id='line_1_25' title="bbox 156 1603 1750 1679; baseline 0.014 -25"><span class='ocrx_word' id='word_1_192' title='bbox 156 1603 360 1672; x_wconf 79' lang='grc' dir='ltr'>θαρτος</span> <span class='ocrx_word' id='word_1_193' title='bbox 384 1609 527 1661; x_wconf 86' lang='grc' dir='ltr'><strong>κατά</strong></span> <span class='ocrx_word' id='word_1_194' title='bbox 552 1613 653 1678; x_wconf 79' lang='grc' dir='ltr'>τὴν</span> <span class='ocrx_word' id='word_1_195' title='bbox 699 1614 975 1679; x_wconf 81' lang='grc' dir='ltr'>ἀσέϐειαν,</span> <span class='ocrx_word' id='word_1_196' title='bbox 1023 1621 1144 1670; x_wconf 84' lang='grc' dir='ltr'>κατ’</span> <span class='ocrx_word' id='word_1_197' title='bbox 1216 1620 1342 1674; x_wconf 75' lang='grc' dir='ltr'>ἄλλο</span> <span class='ocrx_word' id='word_1_198' title='bbox 1385 1621 1441 1674; x_wconf 88' lang='grc' dir='ltr'><strong>δέ</strong></span> <span class='ocrx_word' id='word_1_199' title='bbox 1495 1626 1750 1676; x_wconf 87' lang='grc' dir='ltr'>κοινωνεῖ</span> 
     </span>
    </p>
   </div>
   <div class='ocr_carea' id='block_1_26' title="bbox 154 1697 1745 1783">
    <p class='ocr_par' dir='ltr' id='par_1_26' title="bbox 154 1697 1745 1783">
     <span class='ocr_line' id='line_1_26' title="bbox 154 1697 1745 1783; baseline 0.014 -38"><span class='ocrx_word' id='word_1_200' title='bbox 154 1697 232 1764; x_wconf 84' lang='grc' dir='ltr'>τῷ</span> <span class='ocrx_word' id='word_1_201' title='bbox 274 1699 456 1768; x_wconf 81' lang='grc' dir='ltr'>πιστῷ</span> <span class='ocrx_word' id='word_1_202' title='bbox 503 1702 695 1769; x_wconf 82' lang='grc' dir='ltr'>μέρει,</span> <span class='ocrx_word' id='word_1_203' title='bbox 747 1707 888 1759; x_wconf 81' lang='grc' dir='ltr'><strong>κατά</strong></span> <span class='ocrx_word' id='word_1_204' title='bbox 954 1707 1054 1777; x_wconf 82' lang='grc' dir='ltr'>τὴν</span> <span class='ocrx_word' id='word_1_205' title='bbox 1106 1709 1215 1762; x_wconf 83' lang='grc' dir='ltr'><strong>τῶν</strong></span> <span class='ocrx_word' id='word_1_206' title='bbox 1260 1713 1530 1780; x_wconf 77' lang='grc' dir='ltr'>σωμάτων</span> <span class='ocrx_word' id='word_1_207' title='bbox 1579 1715 1745 1783; x_wconf 80' lang='grc' dir='ltr'>μίξιν.</span> 
     </span>
    </p>
   </div>
   <div class='ocr_carea' id='block_1_27' title="bbox 168 1789 1747 1878">
    <p class='ocr_par' dir='ltr' id='par_1_27' title="bbox 168 1789 1747 1878">
     <span class='ocr_line' id='line_1_27' title="bbox 168 1789 1747 1878; baseline 0.015 -39"><span class='ocrx_word' id='word_1_208' title='bbox 168 1789 296 1841; x_wconf 75' lang='grc' dir='ltr'><strong>Ἐπὶ</strong></span> <span class='ocrx_word' id='word_1_209' title='bbox 338 1791 396 1844; x_wconf 86' lang='grc' dir='ltr'><strong>δέ</strong></span> <span class='ocrx_word' id='word_1_210' title='bbox 418 1792 516 1862; x_wconf 84' lang='grc' dir='ltr'>τῆς</span> <span class='ocrx_word' id='word_1_211' title='bbox 545 1795 754 1866; x_wconf 82' lang='grc' dir='ltr'>πόρνης</span> <span class='ocrx_word' id='word_1_212' title='bbox 780 1801 900 1851; x_wconf 82' lang='grc' dir='ltr'>κατ’</span> <span class='ocrx_word' id='word_1_213' title='bbox 927 1802 1062 1855; x_wconf 78' lang='grc' dir='ltr'>αὐτὸ</span> <span class='ocrx_word' id='word_1_214' title='bbox 1120 1803 1253 1856; x_wconf 83' lang='grc' dir='ltr'>καθό</span> <span class='ocrx_word' id='word_1_215' title='bbox 1309 1806 1456 1858; x_wconf 84' lang='grc' dir='ltr'>ἐστιν</span> <span class='ocrx_word' id='word_1_216' title='bbox 1509 1807 1747 1878; x_wconf 82' lang='grc' dir='ltr'>ἀκάθαρ-</span> 
     </span>
    </p>
   </div>
   <div class='ocr_carea' id='block_1_28' title="bbox 154 1885 1743 1972">
    <p class='ocr_par' dir='ltr' id='par_1_28' title="bbox 154 1885 1743 1972">
     <span class='ocr_line' id='line_1_28' title="bbox 154 1885 1743 1972; baseline 0.014 -39"><span class='ocrx_word' id='word_1_217' title='bbox 154 1898 246 1944; x_wconf 90' lang='grc' dir='ltr'><strong>τος</strong></span> <span class='ocrx_word' id='word_1_218' title='bbox 304 1885 339 1953; x_wconf 80' lang='grc' dir='ltr'>ὴ</span> <span class='ocrx_word' id='word_1_219' title='bbox 408 1888 661 1941; x_wconf 74' lang='grc' dir='ltr'>κοινωνία</span> <span class='ocrx_word' id='word_1_220' title='bbox 726 1891 975 1958; x_wconf 88' lang='grc' dir='ltr'>γίνεται,</span> <span class='ocrx_word' id='word_1_221' title='bbox 1039 1893 1152 1950; x_wconf 79' lang='grc' dir='ltr'>οἷον</span> <span class='ocrx_word' id='word_1_222' title='bbox 1209 1900 1350 1952; x_wconf 86' lang='grc' dir='ltr'><strong>κατά</strong></span> <span class='ocrx_word' id='word_1_223' title='bbox 1431 1901 1492 1954; x_wconf 89' lang='grc' dir='ltr'><strong>τδ</strong></span> <span class='ocrx_word' id='word_1_224' title='bbox 1565 1903 1743 1972; x_wconf 81' lang='grc' dir='ltr'>σῶμα.</span> 
     </span>
    </p>
   </div>
   <div class='ocr_carea' id='block_1_29' title="bbox 160 1973 1753 2060">
    <p class='ocr_par' dir='ltr' id='par_1_29' title="bbox 160 1973 1753 2060">
     <span class='ocr_line' id='line_1_29' title="bbox 160 1973 1753 2060; baseline 0.014 -39"><span class='ocrx_word' id='word_1_225' title='bbox 160 1989 178 2021; x_wconf 74' lang='grc' dir='ltr'>σ</span> <span class='ocrx_word' id='word_1_226' title='bbox 220 1973 515 2040; x_wconf 72' lang='grc' dir='ltr'>Ἠγίασται</span> <span class='ocrx_word' id='word_1_227' title='bbox 556 1980 664 2049; x_wconf 72' lang='grc' dir='ltr'><strong>γὰρ</strong></span> <span class='ocrx_word' id='word_1_228' title='bbox 693 1981 722 2032; x_wconf 82' lang='grc' dir='ltr'>ὁ</span> <span class='ocrx_word' id='word_1_229' title='bbox 757 1984 896 2053; x_wconf 73' lang='grc' dir='ltr'>ἀνὴρ</span> <span class='ocrx_word' id='word_1_230' title='bbox 928 1988 954 2038; x_wconf 86' lang='grc' dir='ltr'>ὁ</span> <span class='ocrx_word' id='word_1_231' title='bbox 990 1986 1398 2050; x_wconf 78' lang='grc' dir='ltr'>ἅπιστος.›”1να</span> <span class='ocrx_word' id='word_1_232' title='bbox 1418 1990 1491 2060; x_wconf 79' lang='grc' dir='ltr'>μὴ</span> <span class='ocrx_word' id='word_1_233' title='bbox 1517 1990 1753 2060; x_wconf 78' lang='grc' dir='ltr'>φοϐῆται</span> 
     </span>
    </p>
   </div>
   <div class='ocr_carea' id='block_1_30' title="bbox 155 2065 1754 2151">
    <p class='ocr_par' dir='ltr' id='par_1_30' title="bbox 155 2065 1754 2151">
     <span class='ocr_line' id='line_1_30' title="bbox 155 2065 1754 2151; baseline 0.011 -35"><span class='ocrx_word' id='word_1_234' title='bbox 155 2065 214 2116; x_wconf 72' lang='grc' dir='ltr'><strong>τὸ</strong></span> <span class='ocrx_word' id='word_1_235' title='bbox 283 2068 474 2119; x_wconf 64' lang='grc' dir='ltr'>πιστὸν</span> <span class='ocrx_word' id='word_1_236' title='bbox 505 2070 673 2140; x_wconf 81' lang='grc' dir='ltr'>μέρος</span> <span class='ocrx_word' id='word_1_237' title='bbox 713 2074 995 2128; x_wconf 85' lang='grc' dir='ltr'>συνοικοῦν</span> <span class='ocrx_word' id='word_1_238' title='bbox 1016 2078 1093 2147; x_wconf 80' lang='grc' dir='ltr'><strong>τῷ</strong></span> <span class='ocrx_word' id='word_1_239' title='bbox 1121 2081 1334 2150; x_wconf 77' lang='grc' dir='ltr'>ἀπίστῳ</span> <span class='ocrx_word' id='word_1_240' title='bbox 1355 2081 1431 2144; x_wconf 82' lang='grc' dir='ltr'>ὡς</span> <span class='ocrx_word' id='word_1_241' title='bbox 1461 2082 1754 2151; x_wconf 83' lang='grc' dir='ltr'>γενόμενον</span> 
     </span>
    </p>
   </div>
   <div class='ocr_carea' id='block_1_31' title="bbox 154 2161 1753 2239">
    <p class='ocr_par' dir='ltr' id='par_1_31' title="bbox 154 2161 1753 2239">
     <span class='ocr_line' id='line_1_31' title="bbox 154 2161 1753 2239; baseline 0.011 -30"><span class='ocrx_word' id='word_1_242' title='bbox 154 2161 220 2226; x_wconf 78' lang='grc' dir='ltr'><strong>τῇ</strong></span> <span class='ocrx_word' id='word_1_243' title='bbox 264 2163 582 2230; x_wconf 73' lang='grc' dir='ltr'>συνοικήσει</span> <span class='ocrx_word' id='word_1_244' title='bbox 624 2165 960 2237; x_wconf 75' lang='grc' dir='ltr'>ἀκάθαρτον,</span> <span class='ocrx_word' id='word_1_245' title='bbox 1014 2169 1116 2239; x_wconf 77' lang='grc' dir='ltr'><strong>δρα</strong></span> <span class='ocrx_word' id='word_1_246' title='bbox 1170 2171 1290 2232; x_wconf 84' lang='grc' dir='ltr'>πῶς</span> <span class='ocrx_word' id='word_1_247' title='bbox 1356 2173 1609 2225; x_wconf 78' lang='grc' dir='ltr'>ἐκϐάλλει</span> <span class='ocrx_word' id='word_1_248' title='bbox 1662 2175 1753 2226; x_wconf 76' lang='grc' dir='ltr'><strong>τὸν</strong></span> 
     </span>
    </p>
   </div>
   <div class='ocr_carea' id='block_1_32' title="bbox 154 2253 1753 2337">
    <p class='ocr_par' dir='ltr' id='par_1_32' title="bbox 154 2253 1753 2337">
     <span class='ocr_line' id='line_1_32' title="bbox 154 2253 1753 2337; baseline 0.011 -35"><span class='ocrx_word' id='word_1_249' title='bbox 154 2253 345 2318; x_wconf 68' lang='grc' dir='ltr'>φοϐον.</span> <span class='ocrx_word' id='word_1_250' title='bbox 393 2254 704 2320; x_wconf 82' lang='grc' dir='ltr'>Ἡγίασται,</span> <span class='ocrx_word' id='word_1_251' title='bbox 741 2261 894 2327; x_wconf 53' lang='grc' dir='ltr'>φησι,</span> <span class='ocrx_word' id='word_1_252' title='bbox 929 2263 996 2330; x_wconf 81' lang='grc' dir='ltr'><strong>τῇ</strong></span> <span class='ocrx_word' id='word_1_253' title='bbox 1037 2262 1325 2332; x_wconf 73' lang='grc' dir='ltr'>περιουσίᾳ</span> <span class='ocrx_word' id='word_1_254' title='bbox 1365 2264 1466 2333; x_wconf 78' lang='grc' dir='ltr'>τῆς</span> <span class='ocrx_word' id='word_1_255' title='bbox 1520 2267 1753 2337; x_wconf 77' lang='grc' dir='ltr'>καθαρό-</span> 
     </span>
    </p>
   </div>
   <div class='ocr_carea' id='block_1_33' title="bbox 151 2344 1748 2430">
    <p class='ocr_par' dir='ltr' id='par_1_33' title="bbox 151 2344 1748 2430">
     <span class='ocr_line' id='line_1_33' title="bbox 151 2344 1748 2430; baseline 0.012 -37"><span class='ocrx_word' id='word_1_256' title='bbox 151 2360 339 2411; x_wconf 69' lang='grc' dir='ltr'>τητος,</span> <span class='ocrx_word' id='word_1_257' title='bbox 375 2344 552 2412; x_wconf 75' lang='grc' dir='ltr'>λέγων</span> <span class='ocrx_word' id='word_1_258' title='bbox 588 2349 846 2402; x_wconf 78' lang='grc' dir='ltr'>νικᾶσθαι</span> <span class='ocrx_word' id='word_1_259' title='bbox 877 2351 977 2420; x_wconf 85' lang='grc' dir='ltr'>τὴν</span> <span class='ocrx_word' id='word_1_260' title='bbox 1014 2353 1379 2422; x_wconf 76' lang='grc' dir='ltr'>ἀκαθαρσίαν,</span> <span class='ocrx_word' id='word_1_261' title='bbox 1412 2358 1511 2410; x_wconf 76' lang='grc' dir='ltr'>οὐκ</span> <span class='ocrx_word' id='word_1_262' title='bbox 1560 2359 1748 2430; x_wconf 78' lang='grc' dir='ltr'>ἐπειδὴ</span> 
     </span>
    </p>
   </div>
   <div class='ocr_carea' id='block_1_34' title="bbox 153 2436 1744 2516">
    <p class='ocr_par' dir='ltr' id='par_1_34' title="bbox 153 2436 1744 2516">
     <span class='ocr_line' id='line_1_34' title="bbox 153 2436 1744 2516; baseline 0.011 -31"><span class='ocrx_word' id='word_1_263' title='bbox 153 2437 309 2500; x_wconf 76' lang='grc' dir='ltr'>ἇγιος</span> <span class='ocrx_word' id='word_1_264' title='bbox 344 2438 371 2488; x_wconf 77' lang='grc' dir='ltr'><strong>ὁ</strong></span> <span class='ocrx_word' id='word_1_265' title='bbox 395 2436 625 2502; x_wconf 78' lang='grc' dir='ltr'>ἄπιστος</span> <span class='ocrx_word' id='word_1_266' title='bbox 650 2440 862 2508; x_wconf 86' lang='grc' dir='ltr'>γίνεται</span> <span class='ocrx_word' id='word_1_267' title='bbox 891 2461 903 2472; x_wconf 75' lang='grc'><strong><em>⁸</em></strong></span> <span class='ocrx_word' id='word_1_268' title='bbox 937 2445 996 2495; x_wconf 86' lang='grc' dir='ltr'>οὐ</span> <span class='ocrx_word' id='word_1_269' title='bbox 1031 2446 1136 2515; x_wconf 81' lang='grc' dir='ltr'><strong>γάρ</strong></span> <span class='ocrx_word' id='word_1_270' title='bbox 1168 2445 1340 2508; x_wconf 72' lang='grc' dir='ltr'>οὕτως</span> <span class='ocrx_word' id='word_1_271' title='bbox 1405 2446 1580 2513; x_wconf 78' lang='grc' dir='ltr'>εἶπεν,</span> <span class='ocrx_word' id='word_1_272' title='bbox 1609 2451 1744 2516; x_wconf 70' lang='grc' dir='ltr'>ἀλλ’,</span> 
     </span>
    </p>
   </div>
   <div class='ocr_carea' id='block_1_35' title="bbox 156 2526 1746 2610">
    <p class='ocr_par' dir='ltr' id='par_1_35' title="bbox 156 2526 1746 2610">
     <span class='ocr_line' id='line_1_35' title="bbox 156 2526 1746 2610; baseline 0.011 -36"><span class='ocrx_word' id='word_1_273' title='bbox 156 2543 174 2574; x_wconf 76' lang='grc' dir='ltr'><strong>ι</strong></span> <span class='ocrx_word' id='word_1_274' title='bbox 217 2526 537 2594; x_wconf 82' lang='grc' dir='ltr'>Ἠγίασται,</span> <span class='ocrx_word' id='word_1_275' title='bbox 579 2547 597 2580; x_wconf 76' lang='grc' dir='ltr'><strong>ι</strong></span> <span class='ocrx_word' id='word_1_276' title='bbox 651 2533 1150 2602; x_wconf 68' lang='grc' dir='ltr'>παραμυθούμενος</span> <span class='ocrx_word' id='word_1_277' title='bbox 1199 2536 1261 2587; x_wconf 73' lang='grc' dir='ltr'><strong>τὸ</strong></span> <span class='ocrx_word' id='word_1_278' title='bbox 1312 2537 1504 2590; x_wconf 81' lang='grc' dir='ltr'>πιστὸν</span> <span class='ocrx_word' id='word_1_279' title='bbox 1559 2541 1746 2610; x_wconf 83' lang='grc' dir='ltr'>μέρος,</span> 
     </span>
    </p>
   </div>
   <div class='ocr_carea' id='block_1_36' title="bbox 150 2618 1744 2699">
    <p class='ocr_par' dir='ltr' id='par_1_36' title="bbox 150 2618 1744 2699">
     <span class='ocr_line' id='line_1_36' title="bbox 150 2618 1744 2699; baseline 0.011 -30"><span class='ocrx_word' id='word_1_280' title='bbox 150 2618 243 2670; x_wconf 70' lang='grc' dir='ltr'>καὶ</span> <span class='ocrx_word' id='word_1_281' title='bbox 296 2619 359 2671; x_wconf 76' lang='grc' dir='ltr'><strong>τὸ</strong></span> <span class='ocrx_word' id='word_1_282' title='bbox 433 2619 663 2675; x_wconf 80' lang='grc' dir='ltr'>ἄπιστον</span> <span class='ocrx_word' id='word_1_283' title='bbox 729 2625 809 2685; x_wconf 85' lang='grc' dir='ltr'><strong>είς</strong></span> <span class='ocrx_word' id='word_1_284' title='bbox 861 2625 1163 2695; x_wconf 74' lang='grc' dir='ltr'>ἐπιθυμίαν</span> <span class='ocrx_word' id='word_1_285' title='bbox 1219 2628 1455 2693; x_wconf 88' lang='grc' dir='ltr'>πίστεως</span> <span class='ocrx_word' id='word_1_286' title='bbox 1514 2632 1744 2699; x_wconf 85' lang='grc' dir='ltr'>ἐνὰγων.</span> 
     </span>
    </p>
   </div>
   <div class='ocr_carea' id='block_1_37' title="bbox 148 2708 1748 2790">
    <p class='ocr_par' dir='ltr' id='par_1_37' title="bbox 148 2708 1748 2790">
     <span class='ocr_line' id='line_1_37' title="bbox 148 2708 1748 2790; baseline 0.011 -29"><span class='ocrx_word' id='word_1_287' title='bbox 148 2739 216 2748; x_wconf 90' lang='lat'><strong>-—</strong></span> <span class='ocrx_word' id='word_1_288' title='bbox 242 2708 452 2783; x_wconf 76' lang='grc' dir='ltr'><strong>[ΦΩΤ.]</strong></span> <span class='ocrx_word' id='word_1_289' title='bbox 486 2715 594 2766; x_wconf 79' lang='grc' dir='ltr'><strong>Καὶ</strong></span> <span class='ocrx_word' id='word_1_290' title='bbox 618 2716 749 2769; x_wconf 74' lang='grc' dir='ltr'>αὐτὸ</span> <span class='ocrx_word' id='word_1_291' title='bbox 777 2717 835 2769; x_wconf 86' lang='grc' dir='ltr'><strong>δέ</strong></span> <span class='ocrx_word' id='word_1_292' title='bbox 862 2717 1022 2770; x_wconf 87' lang='grc' dir='ltr'>τοῦτο</span> <span class='ocrx_word' id='word_1_293' title='bbox 1051 2722 1111 2770; x_wconf 78' lang='grc' dir='ltr'>τὸ</span> <span class='ocrx_word' id='word_1_294' title='bbox 1144 2719 1436 2790; x_wconf 78' lang='grc' dir='ltr'>ἀνέχεσθαι</span> <span class='ocrx_word' id='word_1_295' title='bbox 1481 2729 1575 2777; x_wconf 74' lang='grc' dir='ltr'>τὸν</span> <span class='ocrx_word' id='word_1_296' title='bbox 1614 2727 1748 2779; x_wconf 80' lang='grc' dir='ltr'>ἀπι-</span> 
     </span>
    </p>
   </div>
   <div class='ocr_carea' id='block_1_38' title="bbox 150 2804 1746 2884">
    <p class='ocr_par' dir='ltr' id='par_1_38' title="bbox 150 2804 1746 2884">
     <span class='ocr_line' id='line_1_38' title="bbox 150 2804 1746 2884; baseline 0.011 -34"><span class='ocrx_word' id='word_1_297' title='bbox 150 2816 298 2869; x_wconf 80' lang='grc' dir='ltr'>στον,</span> <span class='ocrx_word' id='word_1_298' title='bbox 327 2805 420 2854; x_wconf 74' lang='grc' dir='ltr'>καὶ</span> <span class='ocrx_word' id='word_1_299' title='bbox 452 2804 526 2872; x_wconf 83' lang='grc' dir='ltr'>μὴ</span> <span class='ocrx_word' id='word_1_300' title='bbox 555 2807 845 2876; x_wconf 77' lang='grc' dir='ltr'>ἁποπηδᾷν</span> <span class='ocrx_word' id='word_1_301' title='bbox 876 2807 969 2861; x_wconf 87' lang='grc' dir='ltr'><strong>τοῦ</strong></span> <span class='ocrx_word' id='word_1_302' title='bbox 1001 2814 1272 2864; x_wconf 79' lang='grc' dir='ltr'>συνοικεῖν</span> <span class='ocrx_word' id='word_1_303' title='bbox 1298 2812 1374 2880; x_wconf 82' lang='grc' dir='ltr'>τῷ</span> <span class='ocrx_word' id='word_1_304' title='bbox 1406 2814 1601 2884; x_wconf 83' lang='grc' dir='ltr'>πιστῷ,</span> <span class='ocrx_word' id='word_1_305' title='bbox 1656 2818 1746 2884; x_wconf 82' lang='grc' dir='ltr'>ἐγ-</span> 
     </span>
    </p>
   </div>
   <div class='ocr_carea' id='block_1_39' title="bbox 148 2890 1746 2976">
    <p class='ocr_par' dir='ltr' id='par_1_39' title="bbox 148 2890 1746 2976">
     <span class='ocr_line' id='line_1_39' title="bbox 148 2890 1746 2976; baseline 0.011 -33"><span class='ocrx_word' id='word_1_306' title='bbox 148 2890 251 2958; x_wconf 75' lang='grc' dir='ltr'>γύς</span> <span class='ocrx_word' id='word_1_307' title='bbox 288 2895 407 2947; x_wconf 80' lang='grc' dir='ltr'>ἐστι</span> <span class='ocrx_word' id='word_1_308' title='bbox 434 2895 528 2948; x_wconf 85' lang='grc' dir='ltr'><strong>τοῦ</strong></span> <span class='ocrx_word' id='word_1_309' title='bbox 583 2898 720 2967; x_wconf 62' lang='grc' dir='ltr'>πρὸς</span> <span class='ocrx_word' id='word_1_310' title='bbox 774 2901 872 2966; x_wconf 78' lang='grc' dir='ltr'>τὴν</span> <span class='ocrx_word' id='word_1_311' title='bbox 945 2901 1234 2956; x_wconf 81' lang='grc' dir='ltr'>εὐσέϐειαν</span> <span class='ocrx_word' id='word_1_312' title='bbox 1294 2909 1548 2976; x_wconf 83' lang='grc' dir='ltr'>συνορᾷν.</span> <span class='ocrx_word' id='word_1_313' title='bbox 1605 2897 1746 2960; x_wconf 75' lang='grc' dir='ltr'>’Ᾱ).λ’</span> 
     </span>
    </p>
   </div>
   <div class='ocr_carea' id='block_1_40' title="bbox 148 2982 1744 3069">
    <p class='ocr_par' dir='ltr' id='par_1_40' title="bbox 148 2982 1744 3069">
     <span class='ocr_line' id='line_1_40' title="bbox 148 2982 1744 3069; baseline 0.012 -36"><span class='ocrx_word' id='word_1_314' title='bbox 148 2982 291 3035; x_wconf 75' lang='grc' dir='ltr'>εἴποι</span> <span class='ocrx_word' id='word_1_315' title='bbox 317 3001 402 3047; x_wconf 89' lang='grc' dir='ltr'><strong>τις</strong></span> <span class='ocrx_word' id='word_1_316' title='bbox 436 2987 499 3038; x_wconf 75' lang='lat' dir='ltr'><strong>iv</strong></span> <span class='ocrx_word' id='word_1_317' title='bbox 528 2986 657 3050; x_wconf 74' lang='grc' dir='ltr'>ἴσως</span> <span class='ocrx_word' id='word_1_318' title='bbox 680 3003 693 3017; x_wconf 70' lang='grc' dir='ltr'><strong><em>ο</em></strong></span> <span class='ocrx_word' id='word_1_319' title='bbox 721 2989 930 3042; x_wconf 83' lang='grc' dir='ltr'>Οὐκοῦν</span> <span class='ocrx_word' id='word_1_320' title='bbox 959 2991 1020 3044; x_wconf 68' lang='grc' dir='ltr'><strong>τὸ</strong></span> <span class='ocrx_word' id='word_1_321' title='bbox 1051 2993 1183 3045; x_wconf 70' lang='grc' dir='ltr'>αὐτὸ</span> <span class='ocrx_word' id='word_1_322' title='bbox 1209 2995 1457 3061; x_wconf 84' lang='grc' dir='ltr'>νοοῦντες</span> <span class='ocrx_word' id='word_1_323' title='bbox 1496 3000 1589 3050; x_wconf 73' lang='grc' dir='ltr'>καὶ</span> <span class='ocrx_word' id='word_1_324' title='bbox 1617 3003 1744 3069; x_wconf 73' lang='grc' dir='ltr'>περὶ</span> 
     </span>
    </p>
   </div>
   <div class='ocr_carea' id='block_1_41' title="bbox 148 3072 1747 3161">
    <p class='ocr_par' dir='ltr' id='par_1_41' title="bbox 148 3072 1747 3161">
     <span class='ocr_line' id='line_1_41' title="bbox 148 3072 1747 3161; baseline 0.013 -38"><span class='ocrx_word' id='word_1_325' title='bbox 148 3072 242 3124; x_wconf 82' lang='grc' dir='ltr'><strong>τοῦ</strong></span> <span class='ocrx_word' id='word_1_326' title='bbox 273 3076 495 3136; x_wconf 76' lang='grc' dir='ltr'>πιστοῦ,</span> <span class='ocrx_word' id='word_1_327' title='bbox 522 3077 692 3144; x_wconf 85' lang='grc' dir='ltr'>ἐγγὺς</span> <span class='ocrx_word' id='word_1_328' title='bbox 717 3079 883 3132; x_wconf 75' lang='grc' dir='ltr'>αὑτὸν</span> <span class='ocrx_word' id='word_1_329' title='bbox 919 3077 1057 3134; x_wconf 82' lang='grc' dir='ltr'>εἶναι</span> <span class='ocrx_word' id='word_1_330' title='bbox 1081 3085 1320 3154; x_wconf 78' lang='grc' dir='ltr'>φαίημεν</span> <span class='ocrx_word' id='word_1_331' title='bbox 1353 3087 1418 3140; x_wconf 78' lang='grc' dir='ltr'>ἂν</span> <span class='ocrx_word' id='word_1_332' title='bbox 1463 3089 1556 3142; x_wconf 86' lang='grc' dir='ltr'><strong>τοῦ</strong></span> <span class='ocrx_word' id='word_1_333' title='bbox 1609 3091 1747 3161; x_wconf 81' lang='grc' dir='ltr'>πρὸς</span> 
     </span>
    </p>
   </div>
   <div class='ocr_carea' id='block_1_42' title="bbox 147 3165 1743 3248">
    <p class='ocr_par' dir='ltr' id='par_1_42' title="bbox 147 3165 1743 3248">
     <span class='ocr_line' id='line_1_42' title="bbox 147 3165 1743 3248; baseline 0.012 -32"><span class='ocrx_word' id='word_1_334' title='bbox 147 3165 408 3220; x_wconf 72' lang='grc' dir='ltr'>ἀσέϐειαν</span> <span class='ocrx_word' id='word_1_335' title='bbox 435 3170 591 3239; x_wconf 76' lang='grc' dir='ltr'>ὁρᾷν.</span> <span class='ocrx_word' id='word_1_336' title='bbox 638 3172 777 3240; x_wconf 76' lang='grc' dir='ltr'>Πρὸς</span> <span class='ocrx_word' id='word_1_337' title='bbox 828 3175 856 3226; x_wconf 86' lang='grc' dir='ltr'><strong>ὃ</strong></span> <span class='ocrx_word' id='word_1_338' title='bbox 894 3191 1099 3243; x_wconf 83' lang='grc' dir='ltr'>φαμεν,</span> <span class='ocrx_word' id='word_1_339' title='bbox 1136 3177 1219 3228; x_wconf 78' lang='grc' dir='ltr'>ὅτι</span> <span class='ocrx_word' id='word_1_340' title='bbox 1249 3177 1348 3230; x_wconf 74' lang='grc' dir='ltr'>οὐκ</span> <span class='ocrx_word' id='word_1_341' title='bbox 1401 3179 1549 3232; x_wconf 77' lang='grc' dir='ltr'>ἔστιν</span> <span class='ocrx_word' id='word_1_342' title='bbox 1609 3183 1743 3248; x_wconf 81' lang='grc' dir='ltr'>ἴσον,</span> 
     </span>
    </p>
   </div>
   <div class='ocr_carea' id='block_1_43' title="bbox 147 3260 1739 3348">
    <p class='ocr_par' dir='ltr' id='par_1_43' title="bbox 147 3260 1739 3348">
     <span class='ocr_line' id='line_1_43' title="bbox 147 3260 1739 3348; baseline 0.011 -38"><span class='ocrx_word' id='word_1_343' title='bbox 147 3260 267 3312; x_wconf 72' lang='grc' dir='ltr'>οὐδὲ</span> <span class='ocrx_word' id='word_1_344' title='bbox 297 3260 498 3314; x_wconf 77' lang='grc' dir='ltr'>πολλοῦ</span> <span class='ocrx_word' id='word_1_345' title='bbox 523 3261 624 3317; x_wconf 77' lang='grc' dir='ltr'>δεῖ.</span> <span class='ocrx_word' id='word_1_346' title='bbox 685 3263 744 3317; x_wconf 88' lang='lat'><strong>&#39;0</strong></span> <span class='ocrx_word' id='word_1_347' title='bbox 806 3265 906 3335; x_wconf 85' lang='grc' dir='ltr'>μὲν</span> <span class='ocrx_word' id='word_1_348' title='bbox 943 3267 1052 3336; x_wconf 79' lang='grc' dir='ltr'><strong>γὰρ</strong></span> <span class='ocrx_word' id='word_1_349' title='bbox 1103 3269 1294 3333; x_wconf 74' lang='grc' dir='ltr'>πιστὸς</span> <span class='ocrx_word' id='word_1_350' title='bbox 1345 3274 1610 3327; x_wconf 83' lang='grc' dir='ltr'>συνοικῶν</span> <span class='ocrx_word' id='word_1_351' title='bbox 1662 3278 1739 3348; x_wconf 83' lang='grc' dir='ltr'><strong>τῷ</strong></span> 
     </span>
    </p>
   </div>
   <div class='ocr_carea' id='block_1_44' title="bbox 149 3349 1740 3433">
    <p class='ocr_par' dir='ltr' id='par_1_44' title="bbox 149 3349 1740 3433">
     <span class='ocr_line' id='line_1_44' title="bbox 149 3349 1740 3433; baseline 0.011 -31"><span class='ocrx_word' id='word_1_352' title='bbox 149 3349 388 3422; x_wconf 77' lang='grc' dir='ltr'>ἀπίστῳ.</span> <span class='ocrx_word' id='word_1_353' title='bbox 425 3352 528 3420; x_wconf 80' lang='grc' dir='ltr'>τῆς</span> <span class='ocrx_word' id='word_1_354' title='bbox 555 3353 790 3418; x_wconf 85' lang='grc' dir='ltr'>πίστεως</span> <span class='ocrx_word' id='word_1_355' title='bbox 816 3356 1036 3427; x_wconf 81' lang='grc' dir='ltr'>ἐντολὴν</span> <span class='ocrx_word' id='word_1_356' title='bbox 1065 3359 1160 3410; x_wconf 65' lang='grc' dir='ltr'><strong>κα)⁵</strong></span> <span class='ocrx_word' id='word_1_357' title='bbox 1187 3359 1352 3430; x_wconf 85' lang='grc' dir='ltr'>νόμον</span> <span class='ocrx_word' id='word_1_358' title='bbox 1377 3362 1599 3433; x_wconf 77' lang='grc' dir='ltr'>πληροῖ,</span> <span class='ocrx_word' id='word_1_359' title='bbox 1633 3365 1740 3419; x_wconf 84' lang='grc' dir='ltr'><strong>ὦσ-</strong></span> 
     </span>
    </p>
   </div>
   <div class='ocr_carea' id='block_1_45' title="bbox 146 3444 1739 3523">
    <p class='ocr_par' dir='ltr' id='par_1_45' title="bbox 146 3444 1739 3523">
     <span class='ocr_line' id='line_1_45' title="bbox 146 3444 1739 3523; baseline 0.011 -28"><span class='ocrx_word' id='word_1_360' title='bbox 146 3459 203 3495; x_wconf 81' lang='grc' dir='ltr'><strong>τε</strong></span> <span class='ocrx_word' id='word_1_361' title='bbox 234 3444 527 3517; x_wconf 69' lang='grc' dir='ltr'>καὶταύτῃ</span> <span class='ocrx_word' id='word_1_362' title='bbox 558 3447 758 3516; x_wconf 80' lang='grc' dir='ltr'>μᾶλλον</span> <span class='ocrx_word' id='word_1_363' title='bbox 791 3450 1062 3520; x_wconf 82' lang='grc' dir='ltr'>ᾠκείωται</span> <span class='ocrx_word' id='word_1_364' title='bbox 1085 3455 1148 3523; x_wconf 78' lang='grc' dir='ltr'>τῇ</span> <span class='ocrx_word' id='word_1_365' title='bbox 1181 3453 1384 3519; x_wconf 79' lang='grc' dir='ltr'>πίστει,</span> <span class='ocrx_word' id='word_1_366' title='bbox 1416 3459 1508 3510; x_wconf 73' lang='grc' dir='ltr'>καὶ</span> <span class='ocrx_word' id='word_1_367' title='bbox 1531 3458 1739 3514; x_wconf 86' lang='grc' dir='ltr'>διίστα-</span> 
     </span>
    </p>
   </div>
   <div class='ocr_carea' id='block_1_46' title="bbox 146 3536 1740 3619">
    <p class='ocr_par' dir='ltr' id='par_1_46' title="bbox 146 3536 1740 3619">
     <span class='ocr_line' id='line_1_46' title="bbox 146 3536 1740 3619; baseline 0.011 -30"><span class='ocrx_word' id='word_1_368' title='bbox 146 3551 234 3589; x_wconf 78' lang='grc' dir='ltr'><strong>ται</strong></span> <span class='ocrx_word' id='word_1_369' title='bbox 265 3536 370 3605; x_wconf 76' lang='grc' dir='ltr'>τῆς</span> <span class='ocrx_word' id='word_1_370' title='bbox 397 3538 680 3602; x_wconf 82' lang='grc' dir='ltr'>ἀπιστίας.</span> <span class='ocrx_word' id='word_1_371' title='bbox 716 3540 772 3593; x_wconf 91' lang='lat' dir='ltr'><strong>&#39;O</strong></span> <span class='ocrx_word' id='word_1_372' title='bbox 801 3542 858 3594; x_wconf 81' lang='grc' dir='ltr'>δὲ</span> <span class='ocrx_word' id='word_1_373' title='bbox 898 3542 1128 3606; x_wconf 82' lang='grc' dir='ltr'>ἄπιστος</span> <span class='ocrx_word' id='word_1_374' title='bbox 1177 3546 1316 3616; x_wconf 79' lang='grc' dir='ltr'>μόνῃ</span> <span class='ocrx_word' id='word_1_375' title='bbox 1360 3551 1423 3618; x_wconf 83' lang='grc' dir='ltr'>τῇ</span> <span class='ocrx_word' id='word_1_376' title='bbox 1464 3549 1602 3619; x_wconf 73' lang='grc' dir='ltr'>πρὸς</span> <span class='ocrx_word' id='word_1_377' title='bbox 1649 3553 1740 3606; x_wconf 73' lang='grc' dir='ltr'><strong>τὸν</strong></span> 
     </span>
    </p>
   </div>
   <div class='ocr_carea' id='block_1_47' title="bbox 148 3627 1738 3710">
    <p class='ocr_par' dir='ltr' id='par_1_47' title="bbox 148 3627 1738 3710">
     <span class='ocr_line' id='line_1_47' title="bbox 148 3627 1738 3710; baseline 0.011 -32"><span class='ocrx_word' id='word_1_378' title='bbox 148 3627 502 3681; x_wconf 71' lang='grc' dir='ltr'>συνοικοῦντα</span> <span class='ocrx_word' id='word_1_379' title='bbox 535 3634 740 3702; x_wconf 83' lang='grc' dir='ltr'>στοργῇ</span> <span class='ocrx_word' id='word_1_380' title='bbox 799 3633 1105 3702; x_wconf 76' lang='grc' dir='ltr'>δεδεμένος,</span> <span class='ocrx_word' id='word_1_381' title='bbox 1156 3639 1256 3707; x_wconf 80' lang='grc' dir='ltr'>τὴν</span> <span class='ocrx_word' id='word_1_382' title='bbox 1323 3641 1620 3710; x_wconf 60' lang='grc' dir='ltr'>συνάφειαι)</span> <span class='ocrx_word' id='word_1_383' title='bbox 1679 3644 1738 3696; x_wconf 80' lang='grc' dir='ltr'>οὐ</span> 
     </span>
    </p>
   </div>
   <div class='ocr_carea' id='block_1_48' title="bbox 150 3717 1741 3798">
    <p class='ocr_par' dir='ltr' id='par_1_48' title="bbox 150 3717 1741 3798">
     <span class='ocr_line' id='line_1_48' title="bbox 150 3717 1741 3798; baseline 0.011 -29"><span class='ocrx_word' id='word_1_384' title='bbox 150 3717 286 3781; x_wconf 79' lang='grc' dir='ltr'>λύει,</span> <span class='ocrx_word' id='word_1_385' title='bbox 324 3721 448 3790; x_wconf 71' lang='grc' dir='ltr'><strong>οὐχὶ</strong></span> <span class='ocrx_word' id='word_1_386' title='bbox 474 3721 640 3789; x_wconf 69' lang='grc' dir='ltr'>νόμον</span> <span class='ocrx_word' id='word_1_387' title='bbox 661 3723 752 3774; x_wconf 76' lang='grc' dir='ltr'><strong>τὸν</strong></span> <span class='ocrx_word' id='word_1_388' title='bbox 768 3725 877 3777; x_wconf 75' lang='grc' dir='ltr'><strong>ἀπὸ</strong></span> <span class='ocrx_word' id='word_1_389' title='bbox 904 3726 1005 3794; x_wconf 75' lang='grc' dir='ltr'>τῆς</span> <span class='ocrx_word' id='word_1_390' title='bbox 1051 3726 1260 3792; x_wconf 83' lang='grc' dir='ltr'>οἰκείας</span> <span class='ocrx_word' id='word_1_391' title='bbox 1293 3729 1552 3793; x_wconf 81' lang='grc' dir='ltr'>ἀπιστίας</span> <span class='ocrx_word' id='word_1_392' title='bbox 1579 3733 1741 3798; x_wconf 75' lang='grc' dir='ltr'>αὐτὸς</span> 
     </span>
    </p>
   </div>
   <div class='ocr_carea' id='block_1_49' title="bbox 150 3812 1742 3896">
    <p class='ocr_par' dir='ltr' id='par_1_49' title="bbox 150 3812 1742 3896">
     <span class='ocr_line' id='line_1_49' title="bbox 150 3812 1742 3896; baseline 0.01 -34"><span class='ocrx_word' id='word_1_393' title='bbox 150 3812 405 3876; x_wconf 70' lang='grc' dir='ltr'>ἐκτελῶν,</span> <span class='ocrx_word' id='word_1_394' title='bbox 441 3819 688 3883; x_wconf 75' lang='grc' dir='ltr'>στέργων</span> <span class='ocrx_word' id='word_1_395' title='bbox 718 3816 774 3868; x_wconf 78' lang='grc' dir='ltr'>δὲ</span> <span class='ocrx_word' id='word_1_396' title='bbox 819 3816 911 3868; x_wconf 79' lang='grc' dir='ltr'><strong>τὸν</strong></span> <span class='ocrx_word' id='word_1_397' title='bbox 943 3819 1297 3872; x_wconf 82' lang='grc' dir='ltr'>συνοικοῦντα</span> <span class='ocrx_word' id='word_1_398' title='bbox 1327 3826 1742 3896; x_wconf 78' lang='grc' dir='ltr'>χειραγωγηθὴ-</span> 
     </span>
    </p>
   </div>
   <div class='ocr_carea' id='block_1_50' title="bbox 156 3905 1738 3977">
    <p class='ocr_par' dir='ltr' id='par_1_50' title="bbox 156 3905 1738 3977">
     <span class='ocr_line' id='line_1_50' title="bbox 156 3905 1738 3977; baseline 0.011 -24"><span class='ocrx_word' id='word_1_399' title='bbox 156 3905 311 3954; x_wconf 75' lang='grc' dir='ltr'>σεται</span> <span class='ocrx_word' id='word_1_400' title='bbox 343 3921 474 3956; x_wconf 90' lang='grc' dir='ltr'>ποτε</span> <span class='ocrx_word' id='word_1_401' title='bbox 519 3907 612 3958; x_wconf 74' lang='grc' dir='ltr'>καὶ</span> <span class='ocrx_word' id='word_1_402' title='bbox 662 3905 796 3976; x_wconf 76' lang='grc' dir='ltr'>πρὸς</span> <span class='ocrx_word' id='word_1_403' title='bbox 858 3907 957 3977; x_wconf 87' lang='grc' dir='ltr'>τὴν</span> <span class='ocrx_word' id='word_1_404' title='bbox 1001 3910 1166 3962; x_wconf 83' lang='grc' dir='ltr'>αὐτοῦ</span> <span class='ocrx_word' id='word_1_405' title='bbox 1219 3911 1403 3964; x_wconf 87' lang='grc' dir='ltr'>πίστιν</span> <span class='ocrx_word' id='word_1_406' title='bbox 1461 3913 1738 3971; x_wconf 80' lang='grc' dir='ltr'>διἀὺτοῦ.</span> 
     </span>
    </p>
   </div>
   <div class='ocr_carea' id='block_1_51' title="bbox 157 3997 1740 4075">
    <p class='ocr_par' dir='ltr' id='par_1_51' title="bbox 157 3997 1740 4075">
     <span class='ocr_line' id='line_1_51' title="bbox 157 3997 1740 4075; baseline 0.007 -27"><span class='ocrx_word' id='word_1_407' title='bbox 157 3997 266 4049; x_wconf 79' lang='grc' dir='ltr'><strong>Καὶ</strong></span> <span class='ocrx_word' id='word_1_408' title='bbox 300 3997 364 4048; x_wconf 77' lang='grc' dir='ltr'>τὸ</span> <span class='ocrx_word' id='word_1_409' title='bbox 396 3999 649 4067; x_wconf 77' lang='grc' dir='ltr'>στέργειν</span> <span class='ocrx_word' id='word_1_410' title='bbox 679 4001 733 4052; x_wconf 82' lang='grc' dir='ltr'>δὲ</span> <span class='ocrx_word' id='word_1_411' title='bbox 758 4002 910 4065; x_wconf 77' lang='grc' dir='ltr'>αὐτὸ,</span> <span class='ocrx_word' id='word_1_412' title='bbox 942 4003 1040 4070; x_wconf 77' lang='grc' dir='ltr'><strong>τῆς</strong></span> <span class='ocrx_word' id='word_1_413' title='bbox 1058 4003 1318 4066; x_wconf 73' lang='grc' dir='ltr'>εὐσεϐοῦς</span> <span class='ocrx_word' id='word_1_414' title='bbox 1362 4007 1478 4057; x_wconf 80' lang='grc' dir='ltr'>ἐστι</span> <span class='ocrx_word' id='word_1_415' title='bbox 1516 4007 1740 4075; x_wconf 78' lang='grc' dir='ltr'>νομοθε-</span> 
     </span>
    </p>
   </div>
   <div class='ocr_carea' id='block_1_52' title="bbox 152 4088 1740 4167">
    <p class='ocr_par' dir='ltr' id='par_1_52' title="bbox 152 4088 1740 4167">
     <span class='ocr_line' id='line_1_52' title="bbox 152 4088 1740 4167; baseline 0.006 -27"><span class='ocrx_word' id='word_1_416' title='bbox 152 4088 292 4152; x_wconf 75' lang='grc' dir='ltr'>σίας,</span> <span class='ocrx_word' id='word_1_417' title='bbox 325 4088 444 4141; x_wconf 75' lang='grc' dir='ltr'>ἀλλ’</span> <span class='ocrx_word' id='word_1_418' title='bbox 471 4089 593 4159; x_wconf 76' lang='grc' dir='ltr'><strong>οὐχὶ</strong></span> <span class='ocrx_word' id='word_1_419' title='bbox 623 4091 1018 4160; x_wconf 76' lang='grc' dir='ltr'>τῆςάσεϐείας.</span> <span class='ocrx_word' id='word_1_420' title='bbox 1051 4093 1212 4147; x_wconf 81' lang='grc' dir='ltr'>Ὥστε</span> <span class='ocrx_word' id='word_1_421' title='bbox 1237 4096 1332 4148; x_wconf 73' lang='grc' dir='ltr'>καὶ</span> <span class='ocrx_word' id='word_1_422' title='bbox 1363 4095 1533 4167; x_wconf 74' lang='grc' dir='ltr'>ταύτῃ</span> <span class='ocrx_word' id='word_1_423' title='bbox 1571 4097 1740 4165; x_wconf 77' lang='grc' dir='ltr'>ἐγγύς</span> 
     </span>
    </p>
   </div>
   <div class='ocr_carea' id='block_1_53' title="bbox 151 4179 1736 4256">
    <p class='ocr_par' dir='ltr' id='par_1_53' title="bbox 151 4179 1736 4256">
     <span class='ocr_line' id='line_1_53' title="bbox 151 4179 1736 4256; baseline 0.006 -24"><span class='ocrx_word' id='word_1_424' title='bbox 151 4183 267 4233; x_wconf 80' lang='grc' dir='ltr'>ἐστι</span> <span class='ocrx_word' id='word_1_425' title='bbox 301 4179 400 4232; x_wconf 87' lang='grc' dir='ltr'><strong>τοῦ</strong></span> <span class='ocrx_word' id='word_1_426' title='bbox 450 4180 699 4234; x_wconf 82' lang='grc' dir='ltr'>εὐσεϐεῖν</span> <span class='ocrx_word' id='word_1_427' title='bbox 730 4183 914 4249; x_wconf 74' lang='grc' dir='ltr'>αὑτὸν,</span> <span class='ocrx_word' id='word_1_428' title='bbox 955 4185 1047 4236; x_wconf 72' lang='grc' dir='ltr'>καὶ</span> <span class='ocrx_word' id='word_1_429' title='bbox 1069 4185 1330 4254; x_wconf 77' lang='grc' dir='ltr'>ἡγιάσθαι</span> <span class='ocrx_word' id='word_1_430' title='bbox 1357 4187 1447 4240; x_wconf 70' lang='grc' dir='ltr'>διὰ</span> <span class='ocrx_word' id='word_1_431' title='bbox 1482 4189 1579 4256; x_wconf 82' lang='grc' dir='ltr'>τῆς</span> <span class='ocrx_word' id='word_1_432' title='bbox 1613 4206 1736 4241; x_wconf 87' lang='grc' dir='ltr'>συν-</span> 
     </span>
    </p>
   </div>
   <div class='ocr_carea' id='block_1_54' title="bbox 148 4271 791 4341">
    <p class='ocr_par' dir='ltr' id='par_1_54' title="bbox 148 4271 791 4341">
     <span class='ocr_line' id='line_1_54' title="bbox 148 4271 791 4341; baseline 0.002 -18"><span class='ocrx_word' id='word_1_433' title='bbox 148 4273 417 4341; x_wconf 82' lang='grc' dir='ltr'>οικήσεως</span> <span class='ocrx_word' id='word_1_434' title='bbox 449 4271 545 4324; x_wconf 88' lang='grc' dir='ltr'><strong>τοῦ</strong></span> <span class='ocrx_word' id='word_1_435' title='bbox 576 4273 791 4330; x_wconf 84' lang='grc' dir='ltr'>πιστοῦ,</span> 
     </span>
    </p>
   </div>
   <div class='ocr_carea' id='block_1_55' title="bbox 230 4364 1744 4437">
    <p class='ocr_par' dir='ltr' id='par_1_55' title="bbox 230 4364 1744 4437">
     <span class='ocr_line' id='line_1_55' title="bbox 230 4364 1744 4437; baseline 0.007 -20"><span class='ocrx_word' id='word_1_436' title='bbox 230 4364 394 4418; x_wconf 76' lang='grc' dir='ltr'>Ἐπεὶ</span> <span class='ocrx_word' id='word_1_437' title='bbox 421 4365 532 4433; x_wconf 79' lang='grc' dir='ltr'>ἄρα</span> <span class='ocrx_word' id='word_1_438' title='bbox 561 4364 631 4418; x_wconf 82' lang='grc' dir='ltr'>τὰ</span> <span class='ocrx_word' id='word_1_439' title='bbox 669 4364 849 4418; x_wconf 74' lang='grc' dir='ltr'>τέκνα</span> <span class='ocrx_word' id='word_1_440' title='bbox 881 4365 1049 4434; x_wconf 81' lang='grc' dir='ltr'><strong>ὑμῶν</strong></span> <span class='ocrx_word' id='word_1_441' title='bbox 1077 4367 1384 4437; x_wconf 75' lang='grc' dir='ltr'>ἀκάθαρτά</span> <span class='ocrx_word' id='word_1_442' title='bbox 1427 4371 1582 4426; x_wconf 84' lang='grc' dir='ltr'>ἐστι.</span> <span class='ocrx_word' id='word_1_443' title='bbox 1611 4374 1744 4427; x_wconf 81' lang='grc' dir='ltr'><strong>Νῦν</strong></span> 
     </span>
    </p>
   </div>
   <div class='ocr_carea' id='block_1_56' title="bbox 147 4457 1740 4532">
    <p class='ocr_par' dir='ltr' id='par_1_56' title="bbox 147 4457 1740 4532">
     <span class='ocr_line' id='line_1_56' title="bbox 147 4457 1740 4532; baseline 0.004 -23"><span class='ocrx_word' id='word_1_444' title='bbox 147 4457 215 4510; x_wconf 69' lang='grc' dir='ltr'>δὲ</span> <span class='ocrx_word' id='word_1_445' title='bbox 243 4457 382 4525; x_wconf 74' lang='grc' dir='ltr'>ἅγιά</span> <span class='ocrx_word' id='word_1_446' title='bbox 399 4457 590 4510; x_wconf 82' lang='grc' dir='ltr'>ἐστιν.</span> <span class='ocrx_word' id='word_1_447' title='bbox 621 4459 690 4511; x_wconf 82' lang='lat' dir='ltr'><strong>Ei</strong></span> <span class='ocrx_word' id='word_1_448' title='bbox 721 4457 790 4510; x_wconf 81' lang='grc' dir='ltr'>δὲ</span> <span class='ocrx_word' id='word_1_449' title='bbox 819 4462 851 4510; x_wconf 84' lang='grc' dir='ltr'><em>ό</em></span> <span class='ocrx_word' id='word_1_450' title='bbox 876 4458 1124 4525; x_wconf 76' lang='grc' dir='ltr'>ἄπιστος</span> <span class='ocrx_word' id='word_1_451' title='bbox 1161 4462 1488 4529; x_wconf 74' lang='grc' dir='ltr'>χωρίζεται,</span> <span class='ocrx_word' id='word_1_452' title='bbox 1565 4482 1740 4532; x_wconf 77' lang='grc' dir='ltr'>χωρι-</span> 
     </span>
    </p>
   </div>
   <div class='ocr_carea' id='block_1_57' title="bbox 147 4549 1745 4626">
    <p class='ocr_par' dir='ltr' id='par_1_57' title="bbox 147 4549 1745 4626">
     <span class='ocr_line' id='line_1_57' title="bbox 147 4549 1745 4626; baseline 0.005 -23"><span class='ocrx_word' id='word_1_453' title='bbox 147 4550 350 4610; x_wconf 81' lang='grc' dir='ltr'>ζέσθω.</span> <span class='ocrx_word' id='word_1_454' title='bbox 385 4553 469 4604; x_wconf 86' lang='grc' dir='ltr'><strong>Οὐ</strong></span> <span class='ocrx_word' id='word_1_455' title='bbox 497 4549 858 4605; x_wconf 77' lang='grc' dir='ltr'>δεδούλωται</span> <span class='ocrx_word' id='word_1_456' title='bbox 914 4555 948 4606; x_wconf 86' lang='grc' dir='ltr'><em>ό</em></span> <span class='ocrx_word' id='word_1_457' title='bbox 981 4553 1244 4623; x_wconf 74' lang='grc' dir='ltr'>ἀδελφὸς</span> <span class='ocrx_word' id='word_1_458' title='bbox 1277 4555 1314 4623; x_wconf 80' lang='grc' dir='ltr'><em>ἢ</em></span> <span class='ocrx_word' id='word_1_459' title='bbox 1349 4555 1641 4626; x_wconf 70' lang='grc' dir='ltr'>ἠὰδελςσὴ</span> <span class='ocrx_word' id='word_1_460' title='bbox 1675 4559 1745 4611; x_wconf 79' lang='grc' dir='ltr'><strong>ἐν</strong></span> 
     </span>
    </p>
   </div>
   <div class='ocr_carea' id='block_1_58' title="bbox 1928 1534 3449 1607">
    <p class='ocr_par' dir='ltr' id='par_1_58' title="bbox 1928 1534 3449 1607">
     <span class='ocr_line' id='line_1_58' title="bbox 1928 1534 3449 1607; baseline -0.007 -2"><span class='ocrx_word' id='word_1_461' title='bbox 1928 1534 2093 1605; x_wconf 60' lang='grc'><strong>479</strong></span> <span class='ocrx_word' id='word_1_462' title='bbox 2119 1537 2186 1591; x_wconf 87' lang='grc' dir='ltr'>Ει</span> <span class='ocrx_word' id='word_1_463' title='bbox 2224 1552 2444 1591; x_wconf 86' lang='lat' dir='ltr'><strong>rursum</strong></span> <span class='ocrx_word' id='word_1_464' title='bbox 2477 1553 2489 1590; x_wconf 92' lang='lat'><strong>:</strong></span> <span class='ocrx_word' id='word_1_465' title='bbox 2523 1537 2683 1593; x_wconf 79' lang='lat' dir='ltr'><strong>Juxta</strong></span> <span class='ocrx_word' id='word_1_466' title='bbox 2709 1539 2859 1593; x_wconf 83' lang='lat' dir='ltr'><strong>aliud</strong></span> <span class='ocrx_word' id='word_1_467' title='bbox 2888 1539 3105 1607; x_wconf 89' lang='lat' dir='ltr'><strong>impura</strong></span> <span class='ocrx_word' id='word_1_468' title='bbox 3169 1550 3256 1596; x_wconf 93' lang='lat' dir='ltr'><strong>est</strong></span> <span class='ocrx_word' id='word_1_469' title='bbox 3313 1541 3449 1596; x_wconf 89' lang='lat' dir='ltr'><strong>inﬁ-</strong></span> 
     </span>
    </p>
   </div>
   <div class='ocr_carea' id='block_1_59' title="bbox 1859 1623 3443 1699">
    <p class='ocr_par' dir='ltr' id='par_1_59' title="bbox 1859 1623 3443 1699">
     <span class='ocr_line' id='line_1_59' title="bbox 1859 1623 3443 1699; baseline 0.005 -23"><span class='ocrx_word' id='word_1_470' title='bbox 1859 1623 2019 1687; x_wconf 90' lang='lat' dir='ltr'><strong>dehs,</strong></span> <span class='ocrx_word' id='word_1_471' title='bbox 2055 1641 2250 1695; x_wconf 88' lang='lat' dir='ltr'><strong>nempe</strong></span> <span class='ocrx_word' id='word_1_472' title='bbox 2277 1627 2582 1680; x_wconf 91' lang='lat' dir='ltr'><strong>secundum</strong></span> <span class='ocrx_word' id='word_1_473' title='bbox 2645 1628 3024 1696; x_wconf 88' lang='lat' dir='ltr'><strong>impietatem;</strong></span> <span class='ocrx_word' id='word_1_474' title='bbox 3078 1631 3236 1699; x_wconf 80' lang='lat' dir='ltr'><strong>juxta</strong></span> <span class='ocrx_word' id='word_1_475' title='bbox 3291 1632 3443 1684; x_wconf 88' lang='lat' dir='ltr'><strong>aliud</strong></span> 
     </span>
    </p>
   </div>
   <div class='ocr_carea' id='block_1_60' title="bbox 1858 1719 3444 1790">
    <p class='ocr_par' dir='ltr' id='par_1_60' title="bbox 1858 1719 3444 1790">
     <span class='ocr_line' id='line_1_60' title="bbox 1858 1719 3444 1790; baseline 0.005 -22"><span class='ocrx_word' id='word_1_476' title='bbox 1858 1731 1992 1769; x_wconf 77' lang='lat' dir='ltr'><strong>vero</strong></span> <span class='ocrx_word' id='word_1_477' title='bbox 2022 1719 2395 1772; x_wconf 79' lang='lat' dir='ltr'><strong>communicat</strong></span> <span class='ocrx_word' id='word_1_478' title='bbox 2422 1734 2548 1772; x_wconf 88' lang='lat' dir='ltr'><strong>cum</strong></span> <span class='ocrx_word' id='word_1_479' title='bbox 2581 1727 2735 1788; x_wconf 89' lang='lat' dir='ltr'><strong>parte</strong></span> <span class='ocrx_word' id='word_1_480' title='bbox 2768 1719 2936 1784; x_wconf 89' lang='lat' dir='ltr'><strong>ﬁdeli,</strong></span> <span class='ocrx_word' id='word_1_481' title='bbox 2971 1731 3102 1790; x_wconf 89' lang='lat' dir='ltr'><strong>puta</strong></span> <span class='ocrx_word' id='word_1_482' title='bbox 3137 1725 3444 1776; x_wconf 89' lang='lat' dir='ltr'><strong>secundum</strong></span> 
     </span>
    </p>
   </div>
   <div class='ocr_carea' id='block_1_61' title="bbox 1853 1811 3445 1877">
    <p class='ocr_par' dir='ltr' id='par_1_61' title="bbox 1853 1811 3445 1877">
     <span class='ocr_line' id='line_1_61' title="bbox 1853 1811 3445 1877; baseline 0.003 -15"><span class='ocrx_word' id='word_1_483' title='bbox 1853 1823 2144 1877; x_wconf 86' lang='lat' dir='ltr'><strong>corporum</strong></span> <span class='ocrx_word' id='word_1_484' title='bbox 2179 1811 2642 1865; x_wconf 89' lang='lat' dir='ltr'><strong>commistionem.</strong></span> <span class='ocrx_word' id='word_1_485' title='bbox 2688 1811 2746 1866; x_wconf 87' lang='lat' dir='ltr'><strong>In</strong></span> <span class='ocrx_word' id='word_1_486' title='bbox 2789 1823 2974 1867; x_wconf 86' lang='lat' dir='ltr'><strong>scorto</strong></span> <span class='ocrx_word' id='word_1_487' title='bbox 3023 1822 3218 1866; x_wconf 85' lang='lat' dir='ltr'><strong>autem</strong></span> <span class='ocrx_word' id='word_1_488' title='bbox 3260 1813 3313 1866; x_wconf 92' lang='lat' dir='ltr'><strong>in</strong></span> <span class='ocrx_word' id='word_1_489' title='bbox 3341 1815 3445 1868; x_wconf 89' lang='lat' dir='ltr'><strong>hoc</strong></span> 
     </span>
    </p>
   </div>
   <div class='ocr_carea' id='block_1_62' title="bbox 1856 1903 3446 1974">
    <p class='ocr_par' dir='ltr' id='par_1_62' title="bbox 1856 1903 3446 1974">
     <span class='ocr_line' id='line_1_62' title="bbox 1856 1903 3446 1974; baseline 0.004 -21"><span class='ocrx_word' id='word_1_490' title='bbox 1856 1903 1975 1970; x_wconf 89' lang='lat' dir='ltr'><strong>ipso</strong></span> <span class='ocrx_word' id='word_1_491' title='bbox 1998 1918 2107 1971; x_wconf 89' lang='lat' dir='ltr'><strong>quo</strong></span> <span class='ocrx_word' id='word_1_492' title='bbox 2156 1903 2435 1956; x_wconf 88' lang='lat' dir='ltr'><strong>iutmunda</strong></span> <span class='ocrx_word' id='word_1_493' title='bbox 2485 1911 2570 1956; x_wconf 90' lang='lat' dir='ltr'><strong>est</strong></span> <span class='ocrx_word' id='word_1_494' title='bbox 2620 1903 2676 1955; x_wconf 89' lang='lat' dir='ltr'><strong>lit</strong></span> <span class='ocrx_word' id='word_1_495' title='bbox 2731 1903 3182 1965; x_wconf 82' lang='lat' dir='ltr'><strong>comnmnicatio.</strong></span> <span class='ocrx_word' id='word_1_496' title='bbox 3248 1920 3446 1974; x_wconf 84' lang='lat' dir='ltr'><strong>uempe</strong></span> 
     </span>
    </p>
   </div>
   <div class='ocr_carea' id='block_1_63' title="bbox 1856 1993 3444 2062">
    <p class='ocr_par' dir='ltr' id='par_1_63' title="bbox 1856 1993 3444 2062">
     <span class='ocr_line' id='line_1_63' title="bbox 1856 1993 3444 2062; baseline 0.001 -16"><span class='ocrx_word' id='word_1_497' title='bbox 1856 1994 2158 2046; x_wconf 83' lang='lat' dir='ltr'><strong>secundum</strong></span> <span class='ocrx_word' id='word_1_498' title='bbox 2173 2009 2398 2062; x_wconf 87' lang='lat' dir='ltr'><strong>corpus.</strong></span> <span class='ocrx_word' id='word_1_499' title='bbox 2430 2013 2448 2044; x_wconf 79' lang='grc' dir='ltr'><strong>ι</strong></span> <span class='ocrx_word' id='word_1_500' title='bbox 2477 1993 2963 2049; x_wconf 85' lang='lat' dir='ltr'><strong>Sanctilicatusest</strong></span> <span class='ocrx_word' id='word_1_501' title='bbox 2989 1996 3136 2048; x_wconf 91' lang='lat' dir='ltr'><strong>enim</strong></span> <span class='ocrx_word' id='word_1_502' title='bbox 3189 1995 3274 2047; x_wconf 86' lang='lat' dir='ltr'><strong>vir</strong></span> <span class='ocrx_word' id='word_1_503' title='bbox 3309 1994 3444 2047; x_wconf 88' lang='lat' dir='ltr'><strong>ﬁde-</strong></span> 
     </span>
    </p>
   </div>
   <div class='ocr_carea' id='block_1_64' title="bbox 1853 2084 3443 2157">
    <p class='ocr_par' dir='ltr' id='par_1_64' title="bbox 1853 2084 3443 2157">
     <span class='ocr_line' id='line_1_64' title="bbox 1853 2084 3443 2157; baseline 0.001 -19"><span class='ocrx_word' id='word_1_504' title='bbox 1853 2084 1944 2140; x_wconf 88' lang='lat' dir='ltr'><strong>lis.</strong></span> <span class='ocrx_word' id='word_1_505' title='bbox 1967 2087 2073 2141; x_wconf 74' lang='grc' dir='ltr'>ιΝυ</span> <span class='ocrx_word' id='word_1_506' title='bbox 2100 2096 2305 2142; x_wconf 88' lang='lat' dir='ltr'><strong>metuat</strong></span> <span class='ocrx_word' id='word_1_507' title='bbox 2333 2104 2460 2157; x_wconf 85' lang='lat' dir='ltr'><strong>pars</strong></span> <span class='ocrx_word' id='word_1_508' title='bbox 2491 2087 2666 2141; x_wconf 90' lang='lat' dir='ltr'><strong>lidelis</strong></span> <span class='ocrx_word' id='word_1_509' title='bbox 2693 2087 3008 2141; x_wconf 88' lang='lat' dir='ltr'><strong>cohabitare</strong></span> <span class='ocrx_word' id='word_1_510' title='bbox 3036 2087 3266 2147; x_wconf 89' lang='lat' dir='ltr'><strong>inﬁdeli,</strong></span> <span class='ocrx_word' id='word_1_511' title='bbox 3287 2088 3443 2156; x_wconf 87' lang='lat' dir='ltr'><strong>quasi</strong></span> 
     </span>
    </p>
   </div>
   <div class='ocr_carea' id='block_1_65' title="bbox 1853 2179 3442 2250">
    <p class='ocr_par' dir='ltr' id='par_1_65' title="bbox 1853 2179 3442 2250">
     <span class='ocr_line' id='line_1_65' title="bbox 1853 2179 3442 2250; baseline -0.001 -17"><span class='ocrx_word' id='word_1_512' title='bbox 1853 2179 2261 2235; x_wconf 87' lang='lat' dir='ltr'><strong>cohabitatione</strong></span> <span class='ocrx_word' id='word_1_513' title='bbox 2296 2181 2548 2250; x_wconf 89' lang='lat' dir='ltr'><strong>impurus</strong></span> <span class='ocrx_word' id='word_1_514' title='bbox 2585 2179 2912 2232; x_wconf 89' lang='lat' dir='ltr'><strong>redderetur</strong></span> <span class='ocrx_word' id='word_1_515' title='bbox 2942 2217 2956 2240; x_wconf 88' lang='lat'><strong>,</strong></span> <span class='ocrx_word' id='word_1_516' title='bbox 2992 2180 3118 2234; x_wconf 70' lang='lat' dir='ltr'><strong>vide</strong></span> <span class='ocrx_word' id='word_1_517' title='bbox 3163 2179 3442 2248; x_wconf 91' lang='lat' dir='ltr'><strong>quomodo</strong></span> 
     </span>
    </p>
   </div>
   <div class='ocr_carea' id='block_1_66' title="bbox 1853 2272 3436 2342">
    <p class='ocr_par' dir='ltr' id='par_1_66' title="bbox 1853 2272 3436 2342">
     <span class='ocr_line' id='line_1_66' title="bbox 1853 2272 3436 2342; baseline 0 -17"><span class='ocrx_word' id='word_1_518' title='bbox 1853 2274 2065 2342; x_wconf 63' lang='lat' dir='ltr'><strong>repellit</strong></span> <span class='ocrx_word' id='word_1_519' title='bbox 2097 2276 2369 2328; x_wconf 90' lang='lat' dir='ltr'><strong>timorem.</strong></span> <span class='ocrx_word' id='word_1_520' title='bbox 2406 2274 2790 2327; x_wconf 88' lang='lat' dir='ltr'><strong>Sanctiﬁcatus</strong></span> <span class='ocrx_word' id='word_1_521' title='bbox 2811 2281 2913 2332; x_wconf 85' lang='lat' dir='ltr'><strong>est.</strong></span> <span class='ocrx_word' id='word_1_522' title='bbox 2945 2272 3144 2342; x_wconf 90' lang='lat' dir='ltr'><strong>inquit,</strong></span> <span class='ocrx_word' id='word_1_523' title='bbox 3175 2288 3436 2326; x_wconf 83' lang='lat' dir='ltr'><strong>asserens</strong></span> 
     </span>
    </p>
   </div>
   <div class='ocr_carea' id='block_1_67' title="bbox 1852 2364 3438 2435">
    <p class='ocr_par' dir='ltr' id='par_1_67' title="bbox 1852 2364 3438 2435">
     <span class='ocr_line' id='line_1_67' title="bbox 1852 2364 3438 2435; baseline -0.001 -16"><span class='ocrx_word' id='word_1_524' title='bbox 1852 2367 1994 2420; x_wconf 85' lang='lat' dir='ltr'><strong>vinei</strong></span> <span class='ocrx_word' id='word_1_525' title='bbox 2027 2367 2398 2435; x_wconf 90' lang='lat' dir='ltr'><strong>impuritatcm</strong></span> <span class='ocrx_word' id='word_1_526' title='bbox 2431 2367 2759 2420; x_wconf 77' lang='lat' dir='ltr'><strong>adveniente</strong></span> <span class='ocrx_word' id='word_1_527' title='bbox 2797 2366 3035 2434; x_wconf 85' lang='lat' dir='ltr'><strong>puritate</strong></span> <span class='ocrx_word' id='word_1_528' title='bbox 3071 2383 3083 2417; x_wconf 93' lang='lat'><strong>:</strong></span> <span class='ocrx_word' id='word_1_529' title='bbox 3126 2379 3235 2418; x_wconf 90' lang='lat' dir='ltr'><strong>non</strong></span> <span class='ocrx_word' id='word_1_530' title='bbox 3290 2364 3438 2432; x_wconf 90' lang='lat' dir='ltr'><strong>quod</strong></span> 
     </span>
    </p>
   </div>
   <div class='ocr_carea' id='block_1_68' title="bbox 1850 2453 3438 2527">
    <p class='ocr_par' dir='ltr' id='par_1_68' title="bbox 1850 2453 3438 2527">
     <span class='ocr_line' id='line_1_68' title="bbox 1850 2453 3438 2527; baseline -0.001 -15"><span class='ocrx_word' id='word_1_531' title='bbox 1850 2458 2083 2512; x_wconf 89' lang='lat' dir='ltr'><strong>inﬁdelis</strong></span> <span class='ocrx_word' id='word_1_532' title='bbox 2130 2469 2352 2514; x_wconf 89' lang='lat' dir='ltr'><strong>sanctus</strong></span> <span class='ocrx_word' id='word_1_533' title='bbox 2406 2460 2538 2512; x_wconf 88' lang='lat' dir='ltr'><strong>ﬁat:</strong></span> <span class='ocrx_word' id='word_1_534' title='bbox 2573 2474 2750 2527; x_wconf 88' lang='lat' dir='ltr'><strong>neque</strong></span> <span class='ocrx_word' id='word_1_535' title='bbox 2810 2459 2954 2512; x_wconf 86' lang='lat' dir='ltr'><strong>enim</strong></span> <span class='ocrx_word' id='word_1_536' title='bbox 2995 2461 3067 2510; x_wconf 90' lang='lat' dir='ltr'><strong>ita</strong></span> <span class='ocrx_word' id='word_1_537' title='bbox 3121 2457 3281 2517; x_wconf 82' lang='lat' dir='ltr'><strong>dixit,</strong></span> <span class='ocrx_word' id='word_1_538' title='bbox 3341 2453 3438 2512; x_wconf 88' lang='lat' dir='ltr'><strong>sed</strong></span> 
     </span>
    </p>
   </div>
   <div class='ocr_carea' id='block_1_69' title="bbox 1861 2548 3438 2619">
    <p class='ocr_par' dir='ltr' id='par_1_69' title="bbox 1861 2548 3438 2619">
     <span class='ocr_line' id='line_1_69' title="bbox 1861 2548 3438 2619; baseline 0.001 -19"><span class='ocrx_word' id='word_1_539' title='bbox 1861 2569 1879 2600; x_wconf 74' lang='grc' dir='ltr'><strong>ι</strong></span> <span class='ocrx_word' id='word_1_540' title='bbox 1927 2550 2304 2604; x_wconf 87' lang='lat' dir='ltr'><strong>sanctiﬁcatus</strong></span> <span class='ocrx_word' id='word_1_541' title='bbox 2329 2559 2452 2604; x_wconf 88' lang='lat' dir='ltr'><strong>est:</strong></span> <span class='ocrx_word' id='word_1_542' title='bbox 2493 2571 2509 2602; x_wconf 77' lang='grc' dir='ltr'><strong>ι</strong></span> <span class='ocrx_word' id='word_1_543' title='bbox 2543 2552 2879 2604; x_wconf 84' lang='lat' dir='ltr'><strong>consolando</strong></span> <span class='ocrx_word' id='word_1_544' title='bbox 2925 2559 3136 2619; x_wconf 89' lang='lat' dir='ltr'><strong>partem</strong></span> <span class='ocrx_word' id='word_1_545' title='bbox 3195 2548 3438 2610; x_wconf 84' lang='lat' dir='ltr'><strong>ﬁdelem,</strong></span> 
     </span>
    </p>
   </div>
   <div class='ocr_carea' id='block_1_70' title="bbox 1852 2643 3440 2697">
    <p class='ocr_par' dir='ltr' id='par_1_70' title="bbox 1852 2643 3440 2697">
     <span class='ocr_line' id='line_1_70' title="bbox 1852 2643 3440 2697; baseline -0.002 -1"><span class='ocrx_word' id='word_1_546' title='bbox 1852 2658 1915 2696; x_wconf 84' lang='lat' dir='ltr'><strong>ac</strong></span> <span class='ocrx_word' id='word_1_547' title='bbox 1947 2644 1999 2696; x_wconf 92' lang='lat' dir='ltr'><strong>in</strong></span> <span class='ocrx_word' id='word_1_548' title='bbox 2026 2647 2213 2696; x_wconf 78' lang='lat' dir='ltr'><strong>lucens</strong></span> <span class='ocrx_word' id='word_1_549' title='bbox 2245 2643 2518 2697; x_wconf 88' lang='lat' dir='ltr'><strong>inﬁdelem</strong></span> <span class='ocrx_word' id='word_1_550' title='bbox 2549 2645 2612 2697; x_wconf 87' lang='lat' dir='ltr'><strong>al</strong></span> <span class='ocrx_word' id='word_1_551' title='bbox 2649 2645 2770 2696; x_wconf 89' lang='lat' dir='ltr'><strong>lidei</strong></span> <span class='ocrx_word' id='word_1_552' title='bbox 2823 2660 3064 2696; x_wconf 85' lang='lat' dir='ltr'><strong>amorem</strong></span> <span class='ocrx_word' id='word_1_553' title='bbox 3113 2654 3165 2696; x_wconf 79' lang='grc' dir='ltr'><strong>ιιι</strong></span> <span class='ocrx_word' id='word_1_554' title='bbox 3216 2643 3440 2695; x_wconf 71' lang='lat' dir='ltr'><strong>deside-</strong></span> 
     </span>
    </p>
   </div>
   <div class='ocr_carea' id='block_1_71' title="bbox 1851 2735 3438 2805">
    <p class='ocr_par' dir='ltr' id='par_1_71' title="bbox 1851 2735 3438 2805">
     <span class='ocr_line' id='line_1_71' title="bbox 1851 2735 3438 2805; baseline 0.004 -20"><span class='ocrx_word' id='word_1_555' title='bbox 1851 2735 2110 2786; x_wconf 90' lang='lat' dir='ltr'><strong>rium.—</strong></span> <span class='ocrx_word' id='word_1_556' title='bbox 2143 2735 2317 2788; x_wconf 78' lang='lat' dir='ltr'><strong>Etiam</strong></span> <span class='ocrx_word' id='word_1_557' title='bbox 2386 2736 2487 2788; x_wconf 84' lang='lat' dir='ltr'><strong>hoc</strong></span> <span class='ocrx_word' id='word_1_558' title='bbox 2521 2736 2695 2805; x_wconf 89' lang='lat' dir='ltr'><strong>ipsum</strong></span> <span class='ocrx_word' id='word_1_559' title='bbox 2752 2753 2944 2804; x_wconf 77' lang='lat' dir='ltr'><strong>nempe</strong></span> <span class='ocrx_word' id='word_1_560' title='bbox 2991 2737 3137 2805; x_wconf 82' lang='lat' dir='ltr'><strong>quod</strong></span> <span class='ocrx_word' id='word_1_561' title='bbox 3201 2735 3438 2791; x_wconf 80' lang='lat' dir='ltr'><strong>inﬁdelis</strong></span> 
     </span>
    </p>
   </div>
   <div class='ocr_carea' id='block_1_72' title="bbox 1851 2825 3434 2892">
    <p class='ocr_par' dir='ltr' id='par_1_72' title="bbox 1851 2825 3434 2892">
     <span class='ocr_line' id='line_1_72' title="bbox 1851 2825 3434 2892; baseline 0.002 -16"><span class='ocrx_word' id='word_1_562' title='bbox 1851 2825 2067 2885; x_wconf 84' lang='lat' dir='ltr'><strong>toleret,</strong></span> <span class='ocrx_word' id='word_1_563' title='bbox 2128 2841 2230 2878; x_wconf 88' lang='lat' dir='ltr'><strong>nec</strong></span> <span class='ocrx_word' id='word_1_564' title='bbox 2295 2825 2506 2879; x_wconf 81' lang='lat' dir='ltr'><strong>resiliat</strong></span> <span class='ocrx_word' id='word_1_565' title='bbox 2559 2826 2628 2878; x_wconf 86' lang='lat' dir='ltr'><strong>ab</strong></span> <span class='ocrx_word' id='word_1_566' title='bbox 2686 2826 3027 2878; x_wconf 78' lang='lat' dir='ltr'><strong>habitatione</strong></span> <span class='ocrx_word' id='word_1_567' title='bbox 3080 2842 3204 2879; x_wconf 84' lang='lat' dir='ltr'><strong>cum</strong></span> <span class='ocrx_word' id='word_1_568' title='bbox 3265 2825 3434 2892; x_wconf 83' lang='lat' dir='ltr'><strong>ﬁdeli,</strong></span> 
     </span>
    </p>
   </div>
   <div class='ocr_carea' id='block_1_73' title="bbox 1846 2913 3435 2985">
    <p class='ocr_par' dir='ltr' id='par_1_73' title="bbox 1846 2913 3435 2985">
     <span class='ocr_line' id='line_1_73' title="bbox 1846 2913 3435 2985; baseline 0.005 -21"><span class='ocrx_word' id='word_1_569' title='bbox 1846 2913 2089 2966; x_wconf 82' lang='lat' dir='ltr'><strong>vicinum</strong></span> <span class='ocrx_word' id='word_1_570' title='bbox 2134 2914 2417 2984; x_wconf 89' lang='lat' dir='ltr'><strong>quidpiam</strong></span> <span class='ocrx_word' id='word_1_571' title='bbox 2478 2917 2589 2984; x_wconf 78' lang='lat' dir='ltr'><strong>agit</strong></span> <span class='ocrx_word' id='word_1_572' title='bbox 2649 2925 2708 2968; x_wconf 90' lang='lat' dir='ltr'><strong>ut</strong></span> <span class='ocrx_word' id='word_1_573' title='bbox 2765 2917 3009 2974; x_wconf 84' lang='lat' dir='ltr'><strong>animum</strong></span> <span class='ocrx_word' id='word_1_574' title='bbox 3074 2917 3313 2985; x_wconf 80' lang='lat' dir='ltr'><strong>applicet</strong></span> <span class='ocrx_word' id='word_1_575' title='bbox 3367 2917 3435 2971; x_wconf 86' lang='lat' dir='ltr'><strong>ad</strong></span> 
     </span>
    </p>
   </div>
   <div class='ocr_carea' id='block_1_74' title="bbox 1848 3005 3435 3077">
    <p class='ocr_par' dir='ltr' id='par_1_74' title="bbox 1848 3005 3435 3077">
     <span class='ocr_line' id='line_1_74' title="bbox 1848 3005 3435 3077; baseline 0.004 -21"><span class='ocrx_word' id='word_1_576' title='bbox 1848 3005 2128 3073; x_wconf 84' lang='lat' dir='ltr'><strong>pietatem.</strong></span> <span class='ocrx_word' id='word_1_577' title='bbox 2163 3006 2267 3058; x_wconf 72' lang='lat' dir='ltr'><strong>Sed</strong></span> <span class='ocrx_word' id='word_1_578' title='bbox 2301 3007 2443 3059; x_wconf 82' lang='lat' dir='ltr'><strong>dicet</strong></span> <span class='ocrx_word' id='word_1_579' title='bbox 2470 3005 2701 3060; x_wconf 80' lang='lat' dir='ltr'><strong>fortasse</strong></span> <span class='ocrx_word' id='word_1_580' title='bbox 2724 3009 2960 3077; x_wconf 75' lang='lat' dir='ltr'><strong>aliquis:</strong></span> <span class='ocrx_word' id='word_1_581' title='bbox 2996 3008 3165 3077; x_wconf 72' lang='lat' dir='ltr'><strong>Igitur</strong></span> <span class='ocrx_word' id='word_1_582' title='bbox 3195 3009 3435 3076; x_wconf 88' lang='lat' dir='ltr'><strong>idipsnm</strong></span> 
     </span>
    </p>
   </div>
   <div class='ocr_carea' id='block_1_75' title="bbox 1848 3095 3440 3168">
    <p class='ocr_par' dir='ltr' id='par_1_75' title="bbox 1848 3095 3440 3168">
     <span class='ocr_line' id='line_1_75' title="bbox 1848 3095 3440 3168; baseline 0.004 -20"><span class='ocrx_word' id='word_1_583' title='bbox 1848 3095 2279 3158; x_wconf 87' lang='lat' dir='ltr'><strong>considerantes,</strong></span> <span class='ocrx_word' id='word_1_584' title='bbox 2316 3097 2382 3151; x_wconf 92' lang='lat' dir='ltr'><strong>de</strong></span> <span class='ocrx_word' id='word_1_585' title='bbox 2414 3098 2556 3152; x_wconf 89' lang='lat' dir='ltr'><strong>ﬁdeli</strong></span> <span class='ocrx_word' id='word_1_586' title='bbox 2592 3099 2899 3167; x_wconf 70' lang='lat' dir='ltr'><strong>poterimus</strong></span> <span class='ocrx_word' id='word_1_587' title='bbox 2931 3101 3116 3153; x_wconf 82' lang='lat' dir='ltr'><strong>dicere</strong></span> <span class='ocrx_word' id='word_1_588' title='bbox 3143 3100 3289 3168; x_wconf 87' lang='lat' dir='ltr'><strong>quod</strong></span> <span class='ocrx_word' id='word_1_589' title='bbox 3318 3110 3440 3154; x_wconf 83' lang='lat' dir='ltr'><strong>ten-</strong></span> 
     </span>
    </p>
   </div>
   <div class='ocr_carea' id='block_1_76' title="bbox 1849 3184 3435 3256">
    <p class='ocr_par' dir='ltr' id='par_1_76' title="bbox 1849 3184 3435 3256">
     <span class='ocr_line' id='line_1_76' title="bbox 1849 3184 3435 3256; baseline 0.004 -19"><span class='ocrx_word' id='word_1_590' title='bbox 1849 3184 1941 3238; x_wconf 89' lang='lat' dir='ltr'><strong>dat</strong></span> <span class='ocrx_word' id='word_1_591' title='bbox 2001 3185 2068 3238; x_wconf 88' lang='lat' dir='ltr'><strong>ad</strong></span> <span class='ocrx_word' id='word_1_592' title='bbox 2111 3185 2466 3254; x_wconf 81' lang='lat' dir='ltr'><strong>impietatem.</strong></span> <span class='ocrx_word' id='word_1_593' title='bbox 2507 3189 2584 3242; x_wconf 81' lang='lat' dir='ltr'><strong>Ad</strong></span> <span class='ocrx_word' id='word_1_594' title='bbox 2645 3188 2792 3256; x_wconf 87' lang='lat' dir='ltr'><strong>quod</strong></span> <span class='ocrx_word' id='word_1_595' title='bbox 2861 3189 3098 3242; x_wconf 83' lang='lat' dir='ltr'><strong>dicimus</strong></span> <span class='ocrx_word' id='word_1_596' title='bbox 3145 3205 3253 3242; x_wconf 90' lang='lat' dir='ltr'><strong>non</strong></span> <span class='ocrx_word' id='word_1_597' title='bbox 3314 3204 3435 3243; x_wconf 88' lang='lat' dir='ltr'><strong>esse</strong></span> 
     </span>
    </p>
   </div>
   <div class='ocr_carea' id='block_1_77' title="bbox 1769 3277 3435 3361">
    <p class='ocr_par' dir='ltr' id='par_1_77' title="bbox 1769 3277 3435 3361">
     <span class='ocr_line' id='line_1_77' title="bbox 1769 3277 3435 3361; baseline 0.001 -31"><span class='ocrx_word' id='word_1_598' title='bbox 1769 3300 1813 3361; x_wconf 69' lang='grc' dir='ltr'>ο</span> <span class='ocrx_word' id='word_1_599' title='bbox 1847 3277 2047 3339; x_wconf 86' lang='lat' dir='ltr'><strong>simile,</strong></span> <span class='ocrx_word' id='word_1_600' title='bbox 2086 3292 2265 3346; x_wconf 91' lang='lat' dir='ltr'><strong>neque</strong></span> <span class='ocrx_word' id='word_1_601' title='bbox 2296 3279 2524 3331; x_wconf 89' lang='lat' dir='ltr'><strong>omnino</strong></span> <span class='ocrx_word' id='word_1_602' title='bbox 2552 3278 2604 3332; x_wconf 91' lang='lat' dir='ltr'><strong>id</strong></span> <span class='ocrx_word' id='word_1_603' title='bbox 2629 3288 2906 3348; x_wconf 86' lang='lat' dir='ltr'><strong>oportere.</strong></span> <span class='ocrx_word' id='word_1_604' title='bbox 2943 3279 3078 3332; x_wconf 82' lang='lat' dir='ltr'><strong>Nam</strong></span> <span class='ocrx_word' id='word_1_605' title='bbox 3116 3278 3292 3332; x_wconf 88' lang='lat' dir='ltr'><strong>ﬁdelis</strong></span> <span class='ocrx_word' id='word_1_606' title='bbox 3313 3280 3435 3348; x_wconf 90' lang='lat' dir='ltr'><strong>qui-</strong></span> 
     </span>
    </p>
   </div>
   <div class='ocr_carea' id='block_1_78' title="bbox 1845 3367 3433 3440">
    <p class='ocr_par' dir='ltr' id='par_1_78' title="bbox 1845 3367 3433 3440">
     <span class='ocr_line' id='line_1_78' title="bbox 1845 3367 3433 3440; baseline 0.001 -17"><span class='ocrx_word' id='word_1_607' title='bbox 1845 3368 1968 3423; x_wconf 90' lang='lat' dir='ltr'><strong>dem</strong></span> <span class='ocrx_word' id='word_1_608' title='bbox 1994 3367 2198 3424; x_wconf 90' lang='lat' dir='ltr'><strong>inﬁdeli</strong></span> <span class='ocrx_word' id='word_1_609' title='bbox 2228 3371 2573 3436; x_wconf 86' lang='lat' dir='ltr'><strong>cohabitans,</strong></span> <span class='ocrx_word' id='word_1_610' title='bbox 2604 3371 2726 3425; x_wconf 71' lang='lat' dir='ltr'><strong>ﬁdei</strong></span> <span class='ocrx_word' id='word_1_611' title='bbox 2754 3380 3087 3440; x_wconf 61' lang='lat' dir='ltr'><strong>praeceptum</strong></span> <span class='ocrx_word' id='word_1_612' title='bbox 3142 3371 3433 3440; x_wconf 77' lang='lat' dir='ltr'><strong>legemque</strong></span> 
     </span>
    </p>
   </div>
   <div class='ocr_carea' id='block_1_79' title="bbox 1844 3459 3432 3529">
    <p class='ocr_par' dir='ltr' id='par_1_79' title="bbox 1844 3459 3432 3529">
     <span class='ocr_line' id='line_1_79' title="bbox 1844 3459 3432 3529; baseline 0.001 -17"><span class='ocrx_word' id='word_1_613' title='bbox 1844 3459 2104 3528; x_wconf 88' lang='lat' dir='ltr'><strong>complet,</strong></span> <span class='ocrx_word' id='word_1_614' title='bbox 2146 3470 2206 3513; x_wconf 91' lang='lat' dir='ltr'><strong>ut</strong></span> <span class='ocrx_word' id='word_1_615' title='bbox 2235 3460 2340 3515; x_wconf 89' lang='lat' dir='ltr'><strong>hoc</strong></span> <span class='ocrx_word' id='word_1_616' title='bbox 2373 3461 2538 3514; x_wconf 85' lang='lat' dir='ltr'><strong>modo</strong></span> <span class='ocrx_word' id='word_1_617' title='bbox 2569 3469 2626 3514; x_wconf 89' lang='lat' dir='ltr'><strong>et</strong></span> <span class='ocrx_word' id='word_1_618' title='bbox 2675 3460 2800 3513; x_wconf 86' lang='lat' dir='ltr'><strong>ﬁdei</strong></span> <span class='ocrx_word' id='word_1_619' title='bbox 2853 3463 3023 3529; x_wconf 82' lang='lat' dir='ltr'><strong>magis</strong></span> <span class='ocrx_word' id='word_1_620' title='bbox 3079 3461 3432 3527; x_wconf 79' lang='lat' dir='ltr'><strong>concilietur,</strong></span> 
     </span>
    </p>
   </div>
   <div class='ocr_carea' id='block_1_80' title="bbox 1844 3552 3434 3622">
    <p class='ocr_par' dir='ltr' id='par_1_80' title="bbox 1844 3552 3434 3622">
     <span class='ocr_line' id='line_1_80' title="bbox 1844 3552 3434 3622; baseline 0.002 -17"><span class='ocrx_word' id='word_1_621' title='bbox 1844 3559 1900 3605; x_wconf 90' lang='lat' dir='ltr'><strong>et</strong></span> <span class='ocrx_word' id='word_1_622' title='bbox 1934 3553 2002 3606; x_wconf 88' lang='lat' dir='ltr'><strong>ab</strong></span> <span class='ocrx_word' id='word_1_623' title='bbox 2033 3552 2356 3607; x_wconf 86' lang='lat' dir='ltr'><strong>inﬁdelitate</strong></span> <span class='ocrx_word' id='word_1_624' title='bbox 2383 3555 2558 3622; x_wconf 72' lang='lat' dir='ltr'><strong>magis</strong></span> <span class='ocrx_word' id='word_1_625' title='bbox 2617 3554 2883 3608; x_wconf 82' lang='lat' dir='ltr'><strong>dissideat</strong></span> <span class='ocrx_word' id='word_1_626' title='bbox 2913 3572 2926 3608; x_wconf 88' lang='lat'><strong>:</strong></span> <span class='ocrx_word' id='word_1_627' title='bbox 2955 3554 3195 3607; x_wconf 78' lang='lat' dir='ltr'><strong>inﬁdelis</strong></span> <span class='ocrx_word' id='word_1_628' title='bbox 3248 3563 3434 3608; x_wconf 85' lang='lat' dir='ltr'><strong>autem</strong></span> 
     </span>
    </p>
   </div>
   <div class='ocr_carea' id='block_1_81' title="bbox 1843 3645 3432 3715">
    <p class='ocr_par' dir='ltr' id='par_1_81' title="bbox 1843 3645 3432 3715">
     <span class='ocr_line' id='line_1_81' title="bbox 1843 3645 3432 3715; baseline 0.002 -19"><span class='ocrx_word' id='word_1_629' title='bbox 1843 3658 2030 3697; x_wconf 90' lang='lat' dir='ltr'><strong>amore</strong></span> <span class='ocrx_word' id='word_1_630' title='bbox 2068 3645 2258 3698; x_wconf 90' lang='lat' dir='ltr'><strong>saltem</strong></span> <span class='ocrx_word' id='word_1_631' title='bbox 2287 3661 2415 3715; x_wconf 79' lang='lat' dir='ltr'><strong>erga</strong></span> <span class='ocrx_word' id='word_1_632' title='bbox 2477 3645 2888 3700; x_wconf 80' lang='lat' dir='ltr'><strong>eohabitantem</strong></span> <span class='ocrx_word' id='word_1_633' title='bbox 2937 3647 3248 3708; x_wconf 80' lang='lat' dir='ltr'><strong>devinctus.</strong></span> <span class='ocrx_word' id='word_1_634' title='bbox 3297 3662 3432 3701; x_wconf 89' lang='lat' dir='ltr'><strong>con-</strong></span> 
     </span>
    </p>
   </div>
   <div class='ocr_carea' id='block_1_82' title="bbox 1838 3736 3432 3808">
    <p class='ocr_par' dir='ltr' id='par_1_82' title="bbox 1838 3736 3432 3808">
     <span class='ocr_line' id='line_1_82' title="bbox 1838 3736 3432 3808; baseline 0.003 -19"><span class='ocrx_word' id='word_1_635' title='bbox 1838 3736 2181 3808; x_wconf 84' lang='lat' dir='ltr'><strong>junctionem</strong></span> <span class='ocrx_word' id='word_1_636' title='bbox 2216 3754 2324 3792; x_wconf 91' lang='lat' dir='ltr'><strong>non</strong></span> <span class='ocrx_word' id='word_1_637' title='bbox 2357 3739 2540 3801; x_wconf 81' lang='lat' dir='ltr'><strong>solvit,</strong></span> <span class='ocrx_word' id='word_1_638' title='bbox 2570 3755 2683 3794; x_wconf 71' lang='lat' dir='ltr'><strong>sua:</strong></span> <span class='ocrx_word' id='word_1_639' title='bbox 2709 3739 3052 3792; x_wconf 89' lang='lat' dir='ltr'><strong>inﬁdelitatis</strong></span> <span class='ocrx_word' id='word_1_640' title='bbox 3095 3740 3271 3808; x_wconf 75' lang='lat' dir='ltr'><strong>legem</strong></span> <span class='ocrx_word' id='word_1_641' title='bbox 3321 3755 3432 3793; x_wconf 90' lang='lat' dir='ltr'><strong>non</strong></span> 
     </span>
    </p>
   </div>
   <div class='ocr_carea' id='block_1_83' title="bbox 1844 3827 3432 3899">
    <p class='ocr_par' dir='ltr' id='par_1_83' title="bbox 1844 3827 3432 3899">
     <span class='ocr_line' id='line_1_83' title="bbox 1844 3827 3432 3899; baseline 0.001 -17"><span class='ocrx_word' id='word_1_642' title='bbox 1844 3828 2155 3898; x_wconf 86' lang='lat' dir='ltr'><strong>perﬁciens,</strong></span> <span class='ocrx_word' id='word_1_643' title='bbox 2208 3827 2301 3883; x_wconf 86' lang='lat' dir='ltr'><strong>sed</strong></span> <span class='ocrx_word' id='word_1_644' title='bbox 2353 3846 2538 3883; x_wconf 90' lang='lat' dir='ltr'><strong>amore</strong></span> <span class='ocrx_word' id='word_1_645' title='bbox 2589 3845 2932 3899; x_wconf 88' lang='lat' dir='ltr'><strong>prosequens</strong></span> <span class='ocrx_word' id='word_1_646' title='bbox 2995 3830 3432 3895; x_wconf 84' lang='lat' dir='ltr'><strong>cohabitantem,</strong></span> 
     </span>
    </p>
   </div>
   <div class='ocr_carea' id='block_1_84' title="bbox 1845 3919 3461 3991">
    <p class='ocr_par' dir='ltr' id='par_1_84' title="bbox 1845 3919 3461 3991">
     <span class='ocr_line' id='line_1_84' title="bbox 1845 3919 3461 3991; baseline 0.004 -19"><span class='ocrx_word' id='word_1_647' title='bbox 1845 3935 1943 3989; x_wconf 91' lang='lat' dir='ltr'><strong>per</strong></span> <span class='ocrx_word' id='word_1_648' title='bbox 1971 3936 2096 3974; x_wconf 90' lang='lat' dir='ltr'><strong>eum</strong></span> <span class='ocrx_word' id='word_1_649' title='bbox 2132 3919 2536 3975; x_wconf 89' lang='lat' dir='ltr'><strong>manuducetur</strong></span> <span class='ocrx_word' id='word_1_650' title='bbox 2568 3921 2898 3991; x_wconf 87' lang='lat' dir='ltr'><strong>quandoque</strong></span> <span class='ocrx_word' id='word_1_651' title='bbox 2932 3922 2998 3974; x_wconf 89' lang='lat' dir='ltr'><strong>ad</strong></span> <span class='ocrx_word' id='word_1_652' title='bbox 3033 3922 3207 3990; x_wconf 86' lang='lat' dir='ltr'><strong>ipsius</strong></span> <span class='ocrx_word' id='word_1_653' title='bbox 3245 3921 3461 3979; x_wconf 39' lang='lat' dir='ltr'><strong>ﬁdemr</strong></span> 
     </span>
    </p>
   </div>
   <div class='ocr_carea' id='block_1_85' title="bbox 1843 4010 3432 4081">
    <p class='ocr_par' dir='ltr' id='par_1_85' title="bbox 1843 4010 3432 4081">
     <span class='ocr_line' id='line_1_85' title="bbox 1843 4010 3432 4081; baseline 0.004 -18"><span class='ocrx_word' id='word_1_654' title='bbox 1843 4010 2026 4078; x_wconf 83' lang='lat' dir='ltr'><strong>ipsum</strong></span> <span class='ocrx_word' id='word_1_655' title='bbox 2058 4027 2290 4080; x_wconf 88' lang='lat' dir='ltr'><strong>namque</strong></span> <span class='ocrx_word' id='word_1_656' title='bbox 2313 4028 2517 4074; x_wconf 86' lang='lat' dir='ltr'><strong>amare,</strong></span> <span class='ocrx_word' id='word_1_657' title='bbox 2545 4013 2814 4081; x_wconf 66' lang='lat' dir='ltr'><strong>religiosae</strong></span> <span class='ocrx_word' id='word_1_658' title='bbox 2845 4014 3210 4076; x_wconf 63' lang='lat' dir='ltr'><strong>legislationis</strong></span> <span class='ocrx_word' id='word_1_659' title='bbox 3249 4023 3326 4068; x_wconf 77' lang='lat' dir='ltr'><strong>est</strong></span> <span class='ocrx_word' id='word_1_660' title='bbox 3375 4025 3432 4069; x_wconf 89' lang='lat' dir='ltr'><strong>et</strong></span> 
     </span>
    </p>
   </div>
   <div class='ocr_carea' id='block_1_86' title="bbox 1843 4102 3434 4173">
    <p class='ocr_par' dir='ltr' id='par_1_86' title="bbox 1843 4102 3434 4173">
     <span class='ocr_line' id='line_1_86' title="bbox 1843 4102 3434 4173; baseline 0.003 -19"><span class='ocrx_word' id='word_1_661' title='bbox 1843 4115 1953 4154; x_wconf 79' lang='lat' dir='ltr'><strong>non</strong></span> <span class='ocrx_word' id='word_1_662' title='bbox 1986 4102 2285 4169; x_wconf 86' lang='lat' dir='ltr'><strong>impietatis</strong></span> <span class='ocrx_word' id='word_1_663' title='bbox 2320 4121 2333 4155; x_wconf 91' lang='lat'><strong>:</strong></span> <span class='ocrx_word' id='word_1_664' title='bbox 2374 4103 2560 4171; x_wconf 90' lang='lat' dir='ltr'><strong>itaque</strong></span> <span class='ocrx_word' id='word_1_665' title='bbox 2584 4103 2686 4157; x_wconf 88' lang='lat' dir='ltr'><strong>hoc</strong></span> <span class='ocrx_word' id='word_1_666' title='bbox 2709 4119 2929 4173; x_wconf 88' lang='lat' dir='ltr'><strong>quoque</strong></span> <span class='ocrx_word' id='word_1_667' title='bbox 2983 4119 3171 4158; x_wconf 90' lang='lat' dir='ltr'><strong>amore</strong></span> <span class='ocrx_word' id='word_1_668' title='bbox 3214 4105 3434 4160; x_wconf 83' lang='lat' dir='ltr'><strong>vicinus</strong></span> 
     </span>
    </p>
   </div>
   <div class='ocr_carea' id='block_1_87' title="bbox 1844 4193 3432 4267">
    <p class='ocr_par' dir='ltr' id='par_1_87' title="bbox 1844 4193 3432 4267">
     <span class='ocr_line' id='line_1_87' title="bbox 1844 4193 3432 4267; baseline 0.004 -21"><span class='ocrx_word' id='word_1_669' title='bbox 1844 4203 1928 4247; x_wconf 91' lang='lat' dir='ltr'><strong>est</strong></span> <span class='ocrx_word' id='word_1_670' title='bbox 1956 4201 2010 4246; x_wconf 94' lang='lat' dir='ltr'><strong>ut</strong></span> <span class='ocrx_word' id='word_1_671' title='bbox 2045 4193 2332 4264; x_wconf 81' lang='lat' dir='ltr'><strong>religiosus</strong></span> <span class='ocrx_word' id='word_1_672' title='bbox 2369 4193 2661 4257; x_wconf 85' lang='lat' dir='ltr'><strong>eﬁiciatur,</strong></span> <span class='ocrx_word' id='word_1_673' title='bbox 2703 4202 2759 4248; x_wconf 92' lang='lat' dir='ltr'><strong>et</strong></span> <span class='ocrx_word' id='word_1_674' title='bbox 2808 4197 3182 4251; x_wconf 87' lang='lat' dir='ltr'><strong>sanctilicetur</strong></span> <span class='ocrx_word' id='word_1_675' title='bbox 3222 4213 3321 4267; x_wconf 91' lang='lat' dir='ltr'><strong>per</strong></span> <span class='ocrx_word' id='word_1_676' title='bbox 3337 4214 3432 4253; x_wconf 86' lang='lat' dir='ltr'><strong>co-</strong></span> 
     </span>
    </p>
   </div>
   <div class='ocr_carea' id='block_1_88' title="bbox 1846 4284 2472 4340">
    <p class='ocr_par' dir='ltr' id='par_1_88' title="bbox 1846 4284 2472 4340">
     <span class='ocr_line' id='line_1_88' title="bbox 1846 4284 2472 4340; baseline 0.005 -3"><span class='ocrx_word' id='word_1_677' title='bbox 1846 4284 2244 4338; x_wconf 89' lang='lat' dir='ltr'><strong>habitationem</strong></span> <span class='ocrx_word' id='word_1_678' title='bbox 2273 4284 2472 4340; x_wconf 89' lang='lat' dir='ltr'><strong>ﬁdelis.</strong></span> 
     </span>
    </p>
   </div>
   <div class='ocr_carea' id='block_1_89' title="bbox 1919 4375 3426 4448">
    <p class='ocr_par' dir='ltr' id='par_1_89' title="bbox 1919 4375 3426 4448">
     <span class='ocr_line' id='line_1_89' title="bbox 1919 4375 3426 4448; baseline 0.004 -16"><span class='ocrx_word' id='word_1_679' title='bbox 1919 4377 2028 4439; x_wconf 85' lang='lat' dir='ltr'><strong>Vll,</strong></span> <span class='ocrx_word' id='word_1_680' title='bbox 2064 4377 2149 4441; x_wconf 69' lang='grc'><strong>14,</strong></span> <span class='ocrx_word' id='word_1_681' title='bbox 2185 4377 2270 4430; x_wconf 83' lang='lat' dir='ltr'><strong>l5.</strong></span> <span class='ocrx_word' id='word_1_682' title='bbox 2303 4375 2518 4448; x_wconf 79' lang='lat' dir='ltr'><strong>Alioqui</strong></span> <span class='ocrx_word' id='word_1_683' title='bbox 2567 4379 2668 4447; x_wconf 78' lang='lat' dir='ltr'><strong>filii</strong></span> <span class='ocrx_word' id='word_1_684' title='bbox 2717 4385 2872 4436; x_wconf 81' lang='lat' dir='ltr'><strong>uestri</strong></span> <span class='ocrx_word' id='word_1_685' title='bbox 2920 4383 3180 4435; x_wconf 83' lang='lat' dir='ltr'><strong>immundi</strong></span> <span class='ocrx_word' id='word_1_686' title='bbox 3236 4393 3426 4447; x_wconf 77' lang='lat' dir='ltr'><strong>essent,</strong></span> 
     </span>
    </p>
   </div>
   <div class='ocr_carea' id='block_1_90' title="bbox 1847 4472 3425 4539">
    <p class='ocr_par' dir='ltr' id='par_1_90' title="bbox 1847 4472 3425 4539">
     <span class='ocr_line' id='line_1_90' title="bbox 1847 4472 3425 4539; baseline 0.001 -16"><span class='ocrx_word' id='word_1_687' title='bbox 1847 4487 1984 4523; x_wconf 85' lang='lat' dir='ltr'><strong>nunc</strong></span> <span class='ocrx_word' id='word_1_688' title='bbox 2017 4481 2194 4524; x_wconf 81' lang='lat' dir='ltr'><strong>autem</strong></span> <span class='ocrx_word' id='word_1_689' title='bbox 2221 4472 2393 4523; x_wconf 78' lang='lat' dir='ltr'><strong>sancti</strong></span> <span class='ocrx_word' id='word_1_690' title='bbox 2439 4483 2584 4527; x_wconf 81' lang='lat' dir='ltr'><strong>sunt.</strong></span> <span class='ocrx_word' id='word_1_691' title='bbox 2629 4472 2779 4536; x_wconf 87' lang='lat' dir='ltr'><strong>Quod</strong></span> <span class='ocrx_word' id='word_1_692' title='bbox 2825 4476 2870 4527; x_wconf 83' lang='lat' dir='ltr'><strong>si</strong></span> <span class='ocrx_word' id='word_1_693' title='bbox 2917 4473 3144 4539; x_wconf 81' lang='lat' dir='ltr'><strong>inﬁdelis</strong></span> <span class='ocrx_word' id='word_1_694' title='bbox 3188 4475 3425 4537; x_wconf 73' lang='lat' dir='ltr'><strong>discedit,</strong></span> 
     </span>
    </p>
   </div>
   <div class='ocr_carea' id='block_1_91' title="bbox 1848 4564 3429 4637">
    <p class='ocr_par' dir='ltr' id='par_1_91' title="bbox 1848 4564 3429 4637">
     <span class='ocr_line' id='line_1_91' title="bbox 1848 4564 3429 4637; baseline 0.002 -19"><span class='ocrx_word' id='word_1_695' title='bbox 1848 4565 2104 4618; x_wconf 71' lang='lat' dir='ltr'><strong>discedat.</strong></span> <span class='ocrx_word' id='word_1_696' title='bbox 2132 4564 2249 4618; x_wconf 81' lang='lat' dir='ltr'><strong>Non</strong></span> <span class='ocrx_word' id='word_1_697' title='bbox 2279 4577 2350 4619; x_wconf 77' lang='lat' dir='ltr'><strong>est</strong></span> <span class='ocrx_word' id='word_1_698' title='bbox 2379 4570 2618 4622; x_wconf 75' lang='lat' dir='ltr'><strong>servituti</strong></span> <span class='ocrx_word' id='word_1_699' title='bbox 2651 4569 2909 4637; x_wconf 77' lang='lat' dir='ltr'><strong>subjectus</strong></span> <span class='ocrx_word' id='word_1_700' title='bbox 2944 4572 3114 4636; x_wconf 70' lang='lat' dir='ltr'><strong>frater</strong></span> <span class='ocrx_word' id='word_1_701' title='bbox 3165 4576 3258 4621; x_wconf 87' lang='lat' dir='ltr'><strong>aut</strong></span> <span class='ocrx_word' id='word_1_702' title='bbox 3278 4585 3429 4622; x_wconf 78' lang='lat' dir='ltr'><strong>soror</strong></span> 
     </span>
    </p>
   </div>
   <div class='ocr_carea' id='block_1_92' title="bbox 146 4641 1744 4729">
    <p class='ocr_par' dir='ltr' id='par_1_92' title="bbox 146 4641 1735 4721">
     <span class='ocr_line' id='line_1_92' title="bbox 146 4641 1735 4721; baseline 0.009 -27"><span class='ocrx_word' id='word_1_703' title='bbox 146 4641 272 4708; x_wconf 76' lang='grc' dir='ltr'>τοῖς</span> <span class='ocrx_word' id='word_1_704' title='bbox 294 4644 610 4709; x_wconf 82' lang='grc' dir='ltr'>τοιούτοις.</span> <span class='ocrx_word' id='word_1_705' title='bbox 661 4645 763 4698; x_wconf 84' lang='grc' dir='ltr'><strong>Ἐν</strong></span> <span class='ocrx_word' id='word_1_706' title='bbox 787 4645 856 4697; x_wconf 80' lang='grc' dir='ltr'>δὲ</span> <span class='ocrx_word' id='word_1_707' title='bbox 891 4645 1099 4715; x_wconf 75' lang='grc' dir='ltr'><strong>εΙρήνῃ</strong></span> <span class='ocrx_word' id='word_1_708' title='bbox 1154 4647 1450 4715; x_wconf 69' lang='grc' dir='ltr'>κέκληκεν</span> <span class='ocrx_word' id='word_1_709' title='bbox 1494 4650 1652 4721; x_wconf 76' lang='grc' dir='ltr'>ἡμᾶς</span> <span class='ocrx_word' id='word_1_710' title='bbox 1703 4655 1735 4707; x_wconf 85' lang='grc' dir='ltr'><em>ὀ</em></span> 
     </span>
    </p>
   </div>
   <div class='ocr_carea' id='block_1_93' title="bbox 1848 4641 3177 4729">
    <p class='ocr_par' dir='ltr' id='par_1_93' title="bbox 1848 4657 3177 4729">
     <span class='ocr_line' id='line_1_93' title="bbox 1848 4657 3177 4729; baseline 0.005 -21"><span class='ocrx_word' id='word_1_711' title='bbox 1848 4657 1895 4710; x_wconf 87' lang='lat' dir='ltr'><strong>iu</strong></span> <span class='ocrx_word' id='word_1_712' title='bbox 1930 4657 2248 4725; x_wconf 80' lang='lat' dir='ltr'><strong>hujusmodi.</strong></span> <span class='ocrx_word' id='word_1_713' title='bbox 2281 4659 2418 4712; x_wconf 84' lang='lat' dir='ltr'><strong>Nam</strong></span> <span class='ocrx_word' id='word_1_714' title='bbox 2453 4661 2505 4712; x_wconf 87' lang='lat' dir='ltr'><strong>in</strong></span> <span class='ocrx_word' id='word_1_715' title='bbox 2527 4677 2654 4729; x_wconf 85' lang='lat' dir='ltr'><strong>pace</strong></span> <span class='ocrx_word' id='word_1_716' title='bbox 2677 4662 2876 4715; x_wconf 78' lang='lat' dir='ltr'><strong>vocavit</strong></span> <span class='ocrx_word' id='word_1_717' title='bbox 2907 4678 2999 4714; x_wconf 77' lang='lat' dir='ltr'><strong>nos</strong></span> <span class='ocrx_word' id='word_1_718' title='bbox 3022 4661 3177 4715; x_wconf 77' lang='lat' dir='ltr'><strong>Deus.</strong></span> 
     </span>
    </p>
   </div>
   <div class='ocr_carea' id='block_1_94' title="bbox 148 4735 314 4800">
    <p class='ocr_par' dir='ltr' id='par_1_94' title="bbox 148 4735 314 4800">
     <span class='ocr_line' id='line_1_94' title="bbox 148 4735 314 4800; baseline 0.012 -13"><span class='ocrx_word' id='word_1_719' title='bbox 148 4735 314 4800; x_wconf 76' lang='grc' dir='ltr'>Θεός.</span> 
     </span>
    </p>
   </div>
   <div class='ocr_carea' id='block_1_95' title="bbox 219 4825 1735 4904">
    <p class='ocr_par' dir='ltr' id='par_1_95' title="bbox 219 4825 1735 4904">
     <span class='ocr_line' id='line_1_95' title="bbox 219 4825 1735 4904; baseline 0.009 -27"><span class='ocrx_word' id='word_1_720' title='bbox 219 4827 279 4877; x_wconf 78' lang='grc' dir='ltr'><strong>Εἰ</strong></span> <span class='ocrx_word' id='word_1_721' title='bbox 311 4825 420 4894; x_wconf 73' lang='grc' dir='ltr'><strong>γὰρ</strong></span> <span class='ocrx_word' id='word_1_722' title='bbox 465 4826 538 4896; x_wconf 76' lang='grc' dir='ltr'>μὴ</span> <span class='ocrx_word' id='word_1_723' title='bbox 571 4828 809 4893; x_wconf 76' lang='grc' dir='ltr'>νικᾶται,</span> <span class='ocrx_word' id='word_1_724' title='bbox 843 4831 975 4900; x_wconf 55' lang='lat' dir='ltr'><strong>speci</strong></span> <span class='ocrx_word' id='word_1_725' title='bbox 1003 4871 1017 4894; x_wconf 90' lang='lat'><strong>,</strong></span> <span class='ocrx_word' id='word_1_726' title='bbox 1046 4834 1113 4900; x_wconf 84' lang='grc' dir='ltr'>τῇ</span> <span class='ocrx_word' id='word_1_727' title='bbox 1151 4833 1482 4904; x_wconf 70' lang='grc' dir='ltr'>καθαρᾶτητι</span> <span class='ocrx_word' id='word_1_728' title='bbox 1516 4836 1610 4888; x_wconf 87' lang='grc' dir='ltr'><strong>τοῦ</strong></span> <span class='ocrx_word' id='word_1_729' title='bbox 1644 4855 1735 4891; x_wconf 86' lang='grc' dir='ltr'>πι-</span> 
     </span>
    </p>
   </div>
   <div class='ocr_carea' id='block_1_96' title="bbox 151 4919 1736 5002">
    <p class='ocr_par' dir='ltr' id='par_1_96' title="bbox 151 4919 1736 5002">
     <span class='ocr_line' id='line_1_96' title="bbox 151 4919 1736 5002; baseline 0.009 -30"><span class='ocrx_word' id='word_1_730' title='bbox 151 4919 276 4973; x_wconf 83' lang='grc' dir='ltr'>στοῦ</span> <span class='ocrx_word' id='word_1_731' title='bbox 313 4921 518 4990; x_wconf 78' lang='grc' dir='ltr'>μέρους</span> <span class='ocrx_word' id='word_1_732' title='bbox 551 4923 611 4974; x_wconf 65' lang='grc' dir='ltr'><strong>τι</strong></span> <span class='ocrx_word' id='word_1_733' title='bbox 638 4925 886 4989; x_wconf 83' lang='grc' dir='ltr'>ἄπιστον,</span> <span class='ocrx_word' id='word_1_734' title='bbox 933 4926 1085 4978; x_wconf 71' lang='grc' dir='ltr'>οὐδὲν</span> <span class='ocrx_word' id='word_1_735' title='bbox 1111 4926 1289 4980; x_wconf 75' lang='grc' dir='ltr'>λείπει</span> <span class='ocrx_word' id='word_1_736' title='bbox 1348 4930 1637 5002; x_wconf 78' lang='grc' dir='ltr'>ἀκάθαρτα</span> <span class='ocrx_word' id='word_1_737' title='bbox 1671 4935 1736 4987; x_wconf 77' lang='grc' dir='ltr'>τὰ</span> 
     </span>
    </p>
   </div>
   <div class='ocr_carea' id='block_1_97' title="bbox 149 5011 1735 5091">
    <p class='ocr_par' dir='ltr' id='par_1_97' title="bbox 149 5011 1735 5091">
     <span class='ocr_line' id='line_1_97' title="bbox 149 5011 1735 5091; baseline 0.006 -26"><span class='ocrx_word' id='word_1_738' title='bbox 149 5011 469 5082; x_wconf 65' lang='grc' dir='ltr'>γεννώμενα</span> <span class='ocrx_word' id='word_1_739' title='bbox 506 5013 772 5079; x_wconf 79' lang='grc' dir='ltr'>γίνεσθαι,</span> <span class='ocrx_word' id='word_1_740' title='bbox 802 5015 834 5083; x_wconf 77' lang='grc' dir='ltr'>ἦ</span> <span class='ocrx_word' id='word_1_741' title='bbox 877 5014 936 5080; x_wconf 84' lang='grc' dir='ltr'>ἐξ</span> <span class='ocrx_word' id='word_1_742' title='bbox 964 5017 1214 5086; x_wconf 77' lang='grc' dir='ltr'>ἡμισείας</span> <span class='ocrx_word' id='word_1_743' title='bbox 1269 5020 1504 5090; x_wconf 81' lang='grc' dir='ltr'>καθαρά.</span> <span class='ocrx_word' id='word_1_744' title='bbox 1539 5023 1735 5091; x_wconf 82' lang='grc' dir='ltr'>Ὅπερ,</span> 
     </span>
    </p>
   </div>
   <div class='ocr_carea' id='block_1_98' title="bbox 151 5104 1738 5184">
    <p class='ocr_par' dir='ltr' id='par_1_98' title="bbox 151 5104 1738 5184">
     <span class='ocr_line' id='line_1_98' title="bbox 151 5104 1738 5184; baseline 0.016 -30"><span class='ocrx_word' id='word_1_745' title='bbox 151 5107 335 5173; x_wconf 53' lang='lat' dir='ltr'><strong>enim,</strong></span> <span class='ocrx_word' id='word_1_746' title='bbox 366 5105 466 5156; x_wconf 77' lang='grc' dir='ltr'>οὐκ</span> <span class='ocrx_word' id='word_1_747' title='bbox 497 5104 644 5156; x_wconf 78' lang='grc' dir='ltr'>ἔστιν</span> <span class='ocrx_word' id='word_1_748' title='bbox 675 5107 826 5174; x_wconf 75' lang='grc' dir='ltr'>(ἆγια</span> <span class='ocrx_word' id='word_1_749' title='bbox 872 5109 979 5175; x_wconf 72' lang='grc' dir='ltr'><strong>γάρ</strong></span> <span class='ocrx_word' id='word_1_750' title='bbox 1031 5108 1191 5176; x_wconf 82' lang='grc' dir='ltr'>ἐστι),</span> <span class='ocrx_word' id='word_1_751' title='bbox 1229 5112 1294 5177; x_wconf 77' lang='grc' dir='ltr'><strong>τῇ</strong></span> <span class='ocrx_word' id='word_1_752' title='bbox 1331 5113 1615 5184; x_wconf 72' lang='grc' dir='ltr'>περιουσίᾳ</span> <span class='ocrx_word' id='word_1_753' title='bbox 1640 5115 1738 5182; x_wconf 79' lang='grc' dir='ltr'><strong>τῆς</strong></span> 
     </span>
    </p>
   </div>
   <div class='ocr_carea' id='block_1_99' title="bbox 150 5197 1736 5276">
    <p class='ocr_par' dir='ltr' id='par_1_99' title="bbox 150 5197 1736 5276">
     <span class='ocr_line' id='line_1_99' title="bbox 150 5197 1736 5276; baseline 0.011 -32"><span class='ocrx_word' id='word_1_754' title='bbox 150 5197 251 5251; x_wconf 81' lang='grc' dir='ltr'><strong>τοῦ</strong></span> <span class='ocrx_word' id='word_1_755' title='bbox 278 5198 458 5267; x_wconf 63' lang='grc' dir='ltr'>ἁγίου</span> <span class='ocrx_word' id='word_1_756' title='bbox 480 5199 680 5262; x_wconf 71' lang='grc' dir='ltr'>λέξεως</span> <span class='ocrx_word' id='word_1_757' title='bbox 705 5201 984 5254; x_wconf 69' lang='grc' dir='ltr'>ἐκϐάλλων</span> <span class='ocrx_word' id='word_1_758' title='bbox 1011 5203 1070 5254; x_wconf 82' lang='grc' dir='ltr'>τὸ</span> <span class='ocrx_word' id='word_1_759' title='bbox 1097 5203 1232 5264; x_wconf 88' lang='grc' dir='ltr'>δέος.</span> <span class='ocrx_word' id='word_1_760' title='bbox 1265 5204 1435 5258; x_wconf 86' lang='grc' dir='ltr'>Τοῦτο</span> <span class='ocrx_word' id='word_1_761' title='bbox 1466 5225 1497 5274; x_wconf 92' lang='grc' dir='ltr'><strong>γ</strong></span> <span class='ocrx_word' id='word_1_762' title='bbox 1519 5210 1572 5276; x_wconf 88' lang='grc' dir='ltr'><strong>’.ρ</strong></span> <span class='ocrx_word' id='word_1_763' title='bbox 1591 5212 1736 5263; x_wconf 80' lang='grc' dir='ltr'>ἐστιν</span> 
     </span>
    </p>
   </div>
   <div class='ocr_carea' id='block_1_100' title="bbox 150 5290 1732 5367">
    <p class='ocr_par' dir='ltr' id='par_1_100' title="bbox 150 5290 1732 5367">
     <span class='ocr_line' id='line_1_100' title="bbox 150 5290 1732 5367; baseline 0.009 -27"><span class='ocrx_word' id='word_1_764' title='bbox 150 5290 174 5340; x_wconf 74' lang='grc' dir='ltr'><strong>δ</strong></span> <span class='ocrx_word' id='word_1_765' title='bbox 199 5291 401 5357; x_wconf 54' lang='lat' dir='ltr'><strong>liram</strong></span> <span class='ocrx_word' id='word_1_766' title='bbox 428 5291 567 5344; x_wconf 73' lang='grc' dir='ltr'>Επεὶ</span> <span class='ocrx_word' id='word_1_767' title='bbox 598 5291 704 5360; x_wconf 78' lang='grc' dir='ltr'>ἄρα</span> <span class='ocrx_word' id='word_1_768' title='bbox 732 5294 796 5343; x_wconf 69' lang='grc' dir='ltr'>τὰ</span> <span class='ocrx_word' id='word_1_769' title='bbox 816 5293 981 5345; x_wconf 87' lang='grc' dir='ltr'>τέκνα</span> <span class='ocrx_word' id='word_1_770' title='bbox 1015 5294 1168 5363; x_wconf 81' lang='grc' dir='ltr'>ὑμῶν</span> <span class='ocrx_word' id='word_1_771' title='bbox 1201 5295 1488 5366; x_wconf 84' lang='grc' dir='ltr'>ἀκάθαρτά</span> <span class='ocrx_word' id='word_1_772' title='bbox 1513 5303 1678 5367; x_wconf 85' lang='grc' dir='ltr'>ἐστιν,</span> <span class='ocrx_word' id='word_1_773' title='bbox 1713 5321 1732 5354; x_wconf 76' lang='grc' dir='ltr'><strong>ι</strong></span> 
     </span>
    </p>
   </div>
   <div class='ocr_carea' id='block_1_101' title="bbox 153 5384 1737 5466">
    <p class='ocr_par' dir='ltr' id='par_1_101' title="bbox 153 5384 1737 5466">
     <span class='ocr_line' id='line_1_101' title="bbox 153 5384 1737 5466; baseline 0.009 -32"><span class='ocrx_word' id='word_1_774' title='bbox 153 5385 197 5434; x_wconf 83' lang='grc' dir='ltr'>εἰ</span> <span class='ocrx_word' id='word_1_775' title='bbox 222 5385 322 5454; x_wconf 65' lang='grc' dir='ltr'><strong>οὐχ</strong></span> <span class='ocrx_word' id='word_1_776' title='bbox 351 5384 524 5446; x_wconf 83' lang='grc' dir='ltr'>οῦτως</span> <span class='ocrx_word' id='word_1_777' title='bbox 551 5386 683 5455; x_wconf 77' lang='grc' dir='ltr'>ἔχει.</span> <span class='ocrx_word' id='word_1_778' title='bbox 734 5385 896 5439; x_wconf 75' lang='grc' dir='ltr'>Ἀλλὰ</span> <span class='ocrx_word' id='word_1_779' title='bbox 919 5385 1011 5439; x_wconf 88' lang='grc' dir='ltr'><strong>νῦν</strong></span> <span class='ocrx_word' id='word_1_780' title='bbox 1047 5387 1177 5453; x_wconf 84' lang='grc' dir='ltr'>ἆγιά</span> <span class='ocrx_word' id='word_1_781' title='bbox 1200 5389 1316 5441; x_wconf 84' lang='grc' dir='ltr'>ἐστι</span> <span class='ocrx_word' id='word_1_782' title='bbox 1345 5392 1410 5459; x_wconf 79' lang='grc' dir='ltr'><strong>τῇ</strong></span> <span class='ocrx_word' id='word_1_783' title='bbox 1449 5396 1737 5466; x_wconf 78' lang='grc' dir='ltr'>περιουσίᾳ</span> 
     </span>
    </p>
   </div>
   <div class='ocr_carea' id='block_1_102' title="bbox 153 5475 608 5544">
    <p class='ocr_par' dir='ltr' id='par_1_102' title="bbox 153 5475 608 5544">
     <span class='ocr_line' id='line_1_102' title="bbox 153 5475 608 5544; baseline 0.013 -21"><span class='ocrx_word' id='word_1_784' title='bbox 153 5477 242 5544; x_wconf 71' lang='grc' dir='ltr'>τῆς</span> <span class='ocrx_word' id='word_1_785' title='bbox 265 5475 608 5542; x_wconf 71' lang='grc' dir='ltr'>ἁγιωσύνης.</span> 
     </span>
    </p>
   </div>
   <div class='ocr_carea' id='block_1_103' title="bbox 224 5569 1734 5650">
    <p class='ocr_par' dir='ltr' id='par_1_103' title="bbox 224 5569 1734 5650">
     <span class='ocr_line' id='line_1_103' title="bbox 224 5569 1734 5650; baseline 0.01 -33"><span class='ocrx_word' id='word_1_786' title='bbox 224 5585 240 5617; x_wconf 84' lang='grc' dir='ltr'><strong>ι</strong></span> <span class='ocrx_word' id='word_1_787' title='bbox 271 5569 334 5621; x_wconf 82' lang='grc' dir='ltr'>Εἰ</span> <span class='ocrx_word' id='word_1_788' title='bbox 368 5569 423 5620; x_wconf 83' lang='grc' dir='ltr'>δὲ</span> <span class='ocrx_word' id='word_1_789' title='bbox 469 5571 497 5619; x_wconf 88' lang='grc' dir='ltr'>ὁ</span> <span class='ocrx_word' id='word_1_790' title='bbox 527 5569 757 5634; x_wconf 83' lang='grc' dir='ltr'>ἄπιστος</span> <span class='ocrx_word' id='word_1_791' title='bbox 810 5573 1123 5645; x_wconf 78' lang='grc' dir='ltr'>χωρίζεται,</span> <span class='ocrx_word' id='word_1_792' title='bbox 1173 5579 1510 5650; x_wconf 78' lang='grc' dir='ltr'>χωριζέσθω.</span> <span class='ocrx_word' id='word_1_793' title='bbox 1539 5600 1556 5631; x_wconf 83' lang='grc' dir='ltr'><strong>ι</strong></span> <span class='ocrx_word' id='word_1_794' title='bbox 1609 5576 1734 5632; x_wconf 75' lang='grc' dir='ltr'>Οῗον</span> 
     </span>
    </p>
   </div>
   <div class='ocr_carea' id='block_1_104' title="bbox 155 5661 1732 5744">
    <p class='ocr_par' dir='ltr' id='par_1_104' title="bbox 155 5661 1732 5744">
     <span class='ocr_line' id='line_1_104' title="bbox 155 5661 1732 5744; baseline 0.008 -34"><span class='ocrx_word' id='word_1_795' title='bbox 155 5663 197 5711; x_wconf 78' lang='grc' dir='ltr'>εξ</span> <span class='ocrx_word' id='word_1_796' title='bbox 224 5661 440 5714; x_wconf 72' lang='grc' dir='ltr'>κελεύει</span> <span class='ocrx_word' id='word_1_797' title='bbox 473 5665 905 5734; x_wconf 79' lang='grc' dir='ltr'>συγκοινωνῆσαι</span> <span class='ocrx_word' id='word_1_798' title='bbox 947 5668 1048 5736; x_wconf 83' lang='grc' dir='ltr'>τῆς</span> <span class='ocrx_word' id='word_1_799' title='bbox 1079 5671 1336 5734; x_wconf 84' lang='grc' dir='ltr'>ἀπιστίας</span> <span class='ocrx_word' id='word_1_800' title='bbox 1394 5673 1564 5740; x_wconf 76' lang='grc' dir='ltr'>αὐτῷ,</span> <span class='ocrx_word' id='word_1_801' title='bbox 1593 5675 1622 5744; x_wconf 79' lang='grc' dir='ltr'><strong>ἢ</strong></span> <span class='ocrx_word' id='word_1_802' title='bbox 1659 5676 1732 5743; x_wconf 79' lang='grc' dir='ltr'>μὴ</span> 
     </span>
    </p>
   </div>
   <div class='ocr_carea' id='block_1_105' title="bbox 157 5755 1729 5837">
    <p class='ocr_par' dir='ltr' id='par_1_105' title="bbox 157 5755 1729 5837">
     <span class='ocr_line' id='line_1_105' title="bbox 157 5755 1729 5837; baseline 0.011 -33"><span class='ocrx_word' id='word_1_803' title='bbox 157 5755 302 5808; x_wconf 73' lang='grc' dir='ltr'>τοῦτο</span> <span class='ocrx_word' id='word_1_804' title='bbox 371 5756 659 5826; x_wconf 80' lang='grc' dir='ltr'>ποιούσης,</span> <span class='ocrx_word' id='word_1_805' title='bbox 728 5760 1055 5831; x_wconf 80' lang='grc' dir='ltr'>ἀναχωρεῖν,</span> <span class='ocrx_word' id='word_1_806' title='bbox 1112 5764 1486 5836; x_wconf 84' lang='grc' dir='ltr'>ἀναχωρείτω,</span> <span class='ocrx_word' id='word_1_807' title='bbox 1577 5768 1729 5837; x_wconf 67' lang='grc' dir='ltr'>φησί.</span> 
     </span>
    </p>
   </div>
   <div class='ocr_carea' id='block_1_106' title="bbox 159 5847 1699 5932">
    <p class='ocr_par' dir='ltr' id='par_1_106' title="bbox 159 5847 1699 5932">
     <span class='ocr_line' id='line_1_106' title="bbox 159 5847 1699 5932; baseline 0.01 -36"><span class='ocrx_word' id='word_1_808' title='bbox 159 5847 362 5902; x_wconf 61' lang='lat' dir='ltr'><strong>llfktov</strong></span> <span class='ocrx_word' id='word_1_809' title='bbox 395 5850 506 5921; x_wconf 71' lang='grc' dir='ltr'>γὰρ</span> <span class='ocrx_word' id='word_1_810' title='bbox 538 5850 632 5905; x_wconf 65' lang='grc' dir='ltr'><strong>τὸν</strong></span> <span class='ocrx_word' id='word_1_811' title='bbox 661 5851 860 5922; x_wconf 66' lang='grc' dir='ltr'>γάμον,</span> <span class='ocrx_word' id='word_1_812' title='bbox 906 5854 937 5925; x_wconf 70' lang='grc' dir='ltr'>ἢ</span> <span class='ocrx_word' id='word_1_813' title='bbox 978 5855 1075 5928; x_wconf 80' lang='grc' dir='ltr'>τὴν</span> <span class='ocrx_word' id='word_1_814' title='bbox 1132 5857 1414 5912; x_wconf 75' lang='grc' dir='ltr'>εὐσέϐειαν</span> <span class='ocrx_word' id='word_1_815' title='bbox 1477 5859 1699 5932; x_wconf 73' lang='grc' dir='ltr'>λυθῆναι</span> 
     </span>
    </p>
   </div>
   <div class='ocr_carea' id='block_1_107' title="bbox 1891 4844 3427 4915">
    <p class='ocr_par' dir='ltr' id='par_1_107' title="bbox 1891 4844 3427 4915">
     <span class='ocr_line' id='line_1_107' title="bbox 1891 4844 3427 4915; baseline 0.001 -16"><span class='ocrx_word' id='word_1_816' title='bbox 1891 4844 2023 4899; x_wconf 83' lang='lat' dir='ltr'><strong>Nam</strong></span> <span class='ocrx_word' id='word_1_817' title='bbox 2048 4845 2090 4898; x_wconf 92' lang='lat' dir='ltr'><strong>si</strong></span> <span class='ocrx_word' id='word_1_818' title='bbox 2116 4859 2264 4914; x_wconf 78' lang='lat' dir='ltr'><strong>pars,</strong></span> <span class='ocrx_word' id='word_1_819' title='bbox 2295 4846 2494 4914; x_wconf 89' lang='lat' dir='ltr'><strong>inquit,</strong></span> <span class='ocrx_word' id='word_1_820' title='bbox 2525 4846 2760 4900; x_wconf 76' lang='lat' dir='ltr'><strong>inﬁdelis</strong></span> <span class='ocrx_word' id='word_1_821' title='bbox 2789 4863 2894 4898; x_wconf 85' lang='lat' dir='ltr'><strong>non</strong></span> <span class='ocrx_word' id='word_1_822' title='bbox 2923 4845 3165 4899; x_wconf 82' lang='lat' dir='ltr'><strong>vincitur</strong></span> <span class='ocrx_word' id='word_1_823' title='bbox 3191 4847 3427 4915; x_wconf 87' lang='lat' dir='ltr'><strong>puritate</strong></span> 
     </span>
    </p>
   </div>
   <div class='ocr_carea' id='block_1_108' title="bbox 1840 4939 3422 5005">
    <p class='ocr_par' dir='ltr' id='par_1_108' title="bbox 1840 4939 3422 5005">
     <span class='ocr_line' id='line_1_108' title="bbox 1840 4939 3422 5005; baseline -0.001 -13"><span class='ocrx_word' id='word_1_824' title='bbox 1840 4939 2034 5001; x_wconf 87' lang='lat' dir='ltr'><strong>ﬁdelis,</strong></span> <span class='ocrx_word' id='word_1_825' title='bbox 2069 4939 2206 4991; x_wconf 87' lang='lat' dir='ltr'><strong>nihil</strong></span> <span class='ocrx_word' id='word_1_826' title='bbox 2241 4949 2413 4992; x_wconf 86' lang='lat' dir='ltr'><strong>restat</strong></span> <span class='ocrx_word' id='word_1_827' title='bbox 2444 4941 2544 4991; x_wconf 88' lang='lat' dir='ltr'><strong>nisi</strong></span> <span class='ocrx_word' id='word_1_828' title='bbox 2581 4940 2752 5005; x_wconf 82' lang='lat' dir='ltr'><strong>utqui</strong></span> <span class='ocrx_word' id='word_1_829' title='bbox 2803 4948 3108 4991; x_wconf 79' lang='lat' dir='ltr'><strong>nascuntur</strong></span> <span class='ocrx_word' id='word_1_830' title='bbox 3155 4939 3422 4991; x_wconf 89' lang='lat' dir='ltr'><strong>immundi</strong></span> 
     </span>
    </p>
   </div>
   <div class='ocr_carea' id='block_1_109' title="bbox 1837 5031 3426 5099">
    <p class='ocr_par' dir='ltr' id='par_1_109' title="bbox 1837 5031 3426 5099">
     <span class='ocr_line' id='line_1_109' title="bbox 1837 5031 3426 5099; baseline -0.001 -13"><span class='ocrx_word' id='word_1_831' title='bbox 1837 5036 2085 5095; x_wconf 83' lang='lat' dir='ltr'><strong>liant,:ntt</strong></span> <span class='ocrx_word' id='word_1_832' title='bbox 2109 5034 2332 5086; x_wconf 89' lang='lat' dir='ltr'><strong>dimidia</strong></span> <span class='ocrx_word' id='word_1_833' title='bbox 2360 5044 2567 5085; x_wconf 87' lang='lat' dir='ltr'><strong>tantum</strong></span> <span class='ocrx_word' id='word_1_834' title='bbox 2593 5041 2744 5099; x_wconf 81' lang='lat' dir='ltr'><strong>parte</strong></span> <span class='ocrx_word' id='word_1_835' title='bbox 2780 5032 2968 5084; x_wconf 91' lang='lat' dir='ltr'><strong>mundi</strong></span> <span class='ocrx_word' id='word_1_836' title='bbox 3000 5050 3011 5082; x_wconf 92' lang='lat'>:</span> <span class='ocrx_word' id='word_1_837' title='bbox 3041 5031 3186 5099; x_wconf 86' lang='lat' dir='ltr'><strong>quod</strong></span> <span class='ocrx_word' id='word_1_838' title='bbox 3219 5032 3290 5084; x_wconf 87' lang='lat' dir='ltr'><strong>ita</strong></span> <span class='ocrx_word' id='word_1_839' title='bbox 3336 5032 3426 5084; x_wconf 91' lang='lat' dir='ltr'><strong>in-</strong></span> 
     </span>
    </p>
   </div>
   <div class='ocr_carea' id='block_1_110' title="bbox 1838 5123 3427 5191">
    <p class='ocr_par' dir='ltr' id='par_1_110' title="bbox 1838 5123 3427 5191">
     <span class='ocr_line' id='line_1_110' title="bbox 1838 5123 3427 5191; baseline -0.002 -15"><span class='ocrx_word' id='word_1_840' title='bbox 1838 5124 1978 5191; x_wconf 87' lang='lat' dir='ltr'><strong>quit,</strong></span> <span class='ocrx_word' id='word_1_841' title='bbox 2006 5141 2112 5177; x_wconf 90' lang='lat' dir='ltr'><strong>non</strong></span> <span class='ocrx_word' id='word_1_842' title='bbox 2142 5134 2244 5186; x_wconf 86' lang='lat' dir='ltr'><strong>est,</strong></span> <span class='ocrx_word' id='word_1_843' title='bbox 2273 5139 2394 5176; x_wconf 82' lang='lat' dir='ltr'><strong>nam</strong></span> <span class='ocrx_word' id='word_1_844' title='bbox 2423 5124 2596 5176; x_wconf 86' lang='lat' dir='ltr'><strong>sancti</strong></span> <span class='ocrx_word' id='word_1_845' title='bbox 2627 5131 2755 5175; x_wconf 87' lang='lat' dir='ltr'><strong>sunt</strong></span> <span class='ocrx_word' id='word_1_846' title='bbox 2787 5141 2798 5174; x_wconf 92' lang='lat'>:</span> <span class='ocrx_word' id='word_1_847' title='bbox 2838 5139 2934 5190; x_wconf 81' lang='lat' dir='ltr'><strong>per</strong></span> <span class='ocrx_word' id='word_1_848' title='bbox 2961 5123 3252 5174; x_wconf 89' lang='lat' dir='ltr'><strong>dictionem</strong></span> <span class='ocrx_word' id='word_1_849' title='bbox 3295 5135 3427 5173; x_wconf 83' lang='lat' dir='ltr'><strong>san-</strong></span> 
     </span>
    </p>
   </div>
   <div class='ocr_carea' id='block_1_111' title="bbox 1844 5214 3424 5286">
    <p class='ocr_par' dir='ltr' id='par_1_111' title="bbox 1844 5214 3424 5286">
     <span class='ocr_line' id='line_1_111' title="bbox 1844 5214 3424 5286; baseline -0.002 -17"><span class='ocrx_word' id='word_1_850' title='bbox 1844 5218 2052 5270; x_wconf 89' lang='lat' dir='ltr'><strong>ctitatis</strong></span> <span class='ocrx_word' id='word_1_851' title='bbox 2079 5218 2426 5270; x_wconf 75' lang='lat' dir='ltr'><strong>abundanter</strong></span> <span class='ocrx_word' id='word_1_852' title='bbox 2486 5219 2759 5286; x_wconf 85' lang='lat' dir='ltr'><strong>repellens</strong></span> <span class='ocrx_word' id='word_1_853' title='bbox 2810 5218 3087 5269; x_wconf 87' lang='lat' dir='ltr'><strong>timorem.</strong></span> <span class='ocrx_word' id='word_1_854' title='bbox 3132 5214 3246 5268; x_wconf 87' lang='lat' dir='ltr'><strong>Hoc</strong></span> <span class='ocrx_word' id='word_1_855' title='bbox 3275 5214 3424 5267; x_wconf 90' lang='lat' dir='ltr'><strong>enim</strong></span> 
     </span>
    </p>
   </div>
   <div class='ocr_carea' id='block_1_112' title="bbox 1842 5309 3420 5379">
    <p class='ocr_par' dir='ltr' id='par_1_112' title="bbox 1842 5309 3420 5379">
     <span class='ocr_line' id='line_1_112' title="bbox 1842 5309 3420 5379; baseline -0.001 -18"><span class='ocrx_word' id='word_1_856' title='bbox 1842 5310 2089 5379; x_wconf 88' lang='lat' dir='ltr'><strong>estquod</strong></span> <span class='ocrx_word' id='word_1_857' title='bbox 2115 5311 2227 5362; x_wconf 86' lang='lat' dir='ltr'><strong>ait:</strong></span> <span class='ocrx_word' id='word_1_858' title='bbox 2269 5329 2284 5359; x_wconf 82' lang='grc' dir='ltr'><strong>ι</strong></span> <span class='ocrx_word' id='word_1_859' title='bbox 2329 5309 2547 5378; x_wconf 86' lang='lat' dir='ltr'><strong>Alioqui</strong></span> <span class='ocrx_word' id='word_1_860' title='bbox 2577 5311 2669 5363; x_wconf 87' lang='lat' dir='ltr'><strong>lilii</strong></span> <span class='ocrx_word' id='word_1_861' title='bbox 2691 5312 2854 5364; x_wconf 81' lang='lat' dir='ltr'><strong>vestri</strong></span> <span class='ocrx_word' id='word_1_862' title='bbox 2883 5309 3372 5372; x_wconf 86' lang='lat' dir='ltr'><strong>immundiessent,</strong></span> <span class='ocrx_word' id='word_1_863' title='bbox 3405 5329 3420 5359; x_wconf 78' lang='grc' dir='ltr'><strong>ι</strong></span> 
     </span>
    </p>
   </div>
   <div class='ocr_carea' id='block_1_113' title="bbox 1843 5401 3430 5468">
    <p class='ocr_par' dir='ltr' id='par_1_113' title="bbox 1843 5401 3430 5468">
     <span class='ocr_line' id='line_1_113' title="bbox 1843 5401 3430 5468; baseline 0.002 -13"><span class='ocrx_word' id='word_1_864' title='bbox 1843 5401 1946 5457; x_wconf 89' lang='lat' dir='ltr'><strong>nisi</strong></span> <span class='ocrx_word' id='word_1_865' title='bbox 1982 5403 2332 5456; x_wconf 81' lang='lat' dir='ltr'><strong>videlicetita</strong></span> <span class='ocrx_word' id='word_1_866' title='bbox 2375 5415 2562 5458; x_wconf 80' lang='lat' dir='ltr'><strong>esset:</strong></span> <span class='ocrx_word' id='word_1_867' title='bbox 2630 5413 2683 5457; x_wconf 88' lang='lat' dir='ltr'><strong>at</strong></span> <span class='ocrx_word' id='word_1_868' title='bbox 2727 5420 2872 5456; x_wconf 90' lang='lat' dir='ltr'><strong>nunc</strong></span> <span class='ocrx_word' id='word_1_869' title='bbox 2925 5404 3101 5456; x_wconf 86' lang='lat' dir='ltr'><strong>sancti</strong></span> <span class='ocrx_word' id='word_1_870' title='bbox 3158 5415 3308 5468; x_wconf 90' lang='lat' dir='ltr'><strong>sunt,</strong></span> <span class='ocrx_word' id='word_1_871' title='bbox 3357 5417 3430 5458; x_wconf 80' lang='lat' dir='ltr'><strong>ex</strong></span> 
     </span>
    </p>
   </div>
   <div class='ocr_carea' id='block_1_114' title="bbox 1843 5495 2563 5551">
    <p class='ocr_par' dir='ltr' id='par_1_114' title="bbox 1843 5495 2563 5551">
     <span class='ocr_line' id='line_1_114' title="bbox 1843 5495 2563 5551; baseline 0.001 -3"><span class='ocrx_word' id='word_1_872' title='bbox 1843 5495 2179 5549; x_wconf 83' lang='lat' dir='ltr'><strong>abundantia</strong></span> <span class='ocrx_word' id='word_1_873' title='bbox 2237 5499 2563 5551; x_wconf 77' lang='lat' dir='ltr'><strong>sanctitatis.</strong></span> 
     </span>
    </p>
   </div>
   <div class='ocr_carea' id='block_1_115' title="bbox 1912 5583 3428 5657">
    <p class='ocr_par' dir='ltr' id='par_1_115' title="bbox 1912 5583 3428 5657">
     <span class='ocr_line' id='line_1_115' title="bbox 1912 5583 3428 5657; baseline 0.003 -20"><span class='ocrx_word' id='word_1_874' title='bbox 2116 5606 2129 5633; x_wconf 76' lang='grc' dir='ltr'><strong>ι</strong></span> <span class='ocrx_word' id='word_1_875' title='bbox 2157 5586 2309 5649; x_wconf 84' lang='lat' dir='ltr'><strong>Quod</strong></span> <span class='ocrx_word' id='word_1_876' title='bbox 2333 5589 2374 5640; x_wconf 82' lang='lat' dir='ltr'><strong>si</strong></span> <span class='ocrx_word' id='word_1_877' title='bbox 2416 5587 2651 5641; x_wconf 80' lang='lat' dir='ltr'><strong>inﬁdelis</strong></span> <span class='ocrx_word' id='word_1_878' title='bbox 2686 5587 2938 5642; x_wconf 82' lang='lat' dir='ltr'><strong>discedit.</strong></span> <span class='ocrx_word' id='word_1_879' title='bbox 2973 5585 3273 5639; x_wconf 64' lang='lat' dir='ltr'><strong>discedat.»</strong></span> <span class='ocrx_word' id='word_1_880' title='bbox 3310 5583 3428 5641; x_wconf 79' lang='lat' dir='ltr'><strong>Hec</strong></span> 
     </span>
    </p>
   </div>
   <div class='ocr_carea' id='block_1_116' title="bbox 1835 5679 3430 5746">
    <p class='ocr_par' dir='ltr' id='par_1_116' title="bbox 1835 5679 3430 5746">
     <span class='ocr_line' id='line_1_116' title="bbox 1835 5679 3430 5746; baseline 0.002 -13"><span class='ocrx_word' id='word_1_881' title='bbox 1835 5692 1938 5738; x_wconf 82' lang='lat' dir='ltr'><strong>est.</strong></span> <span class='ocrx_word' id='word_1_882' title='bbox 1959 5679 2168 5746; x_wconf 67' lang='lat' dir='ltr'><strong>sijnliet</strong></span> <span class='ocrx_word' id='word_1_883' title='bbox 2193 5687 2249 5732; x_wconf 90' lang='lat' dir='ltr'><strong>ut</strong></span> <span class='ocrx_word' id='word_1_884' title='bbox 2271 5697 2392 5732; x_wconf 80' lang='lat' dir='ltr'><strong>cum</strong></span> <span class='ocrx_word' id='word_1_885' title='bbox 2414 5696 2477 5732; x_wconf 89' lang='lat' dir='ltr'><strong>eo</strong></span> <span class='ocrx_word' id='word_1_886' title='bbox 2493 5681 2867 5734; x_wconf 84' lang='lat' dir='ltr'><strong>communiees</strong></span> <span class='ocrx_word' id='word_1_887' title='bbox 2886 5681 2937 5734; x_wconf 91' lang='lat' dir='ltr'><strong>in</strong></span> <span class='ocrx_word' id='word_1_888' title='bbox 2969 5679 3312 5732; x_wconf 87' lang='lat' dir='ltr'><strong>inﬁdelitate.</strong></span> <span class='ocrx_word' id='word_1_889' title='bbox 3331 5687 3430 5736; x_wconf 82' lang='lat' dir='ltr'><strong>aut</strong></span> 
     </span>
    </p>
   </div>
   <div class='ocr_carea' id='block_1_117' title="bbox 1837 5769 3424 5842">
    <p class='ocr_par' dir='ltr' id='par_1_117' title="bbox 1837 5769 3424 5842">
     <span class='ocr_line' id='line_1_117' title="bbox 1837 5769 3424 5842; baseline 0.002 -22"><span class='ocrx_word' id='word_1_890' title='bbox 1837 5769 1938 5821; x_wconf 88' lang='lat' dir='ltr'><strong>nisi</strong></span> <span class='ocrx_word' id='word_1_891' title='bbox 1963 5771 2064 5822; x_wconf 88' lang='lat' dir='ltr'><strong>hoc</strong></span> <span class='ocrx_word' id='word_1_892' title='bbox 2095 5770 2282 5832; x_wconf 72' lang='lat' dir='ltr'><strong>facias,</strong></span> <span class='ocrx_word' id='word_1_893' title='bbox 2303 5773 2447 5841; x_wconf 89' lang='lat' dir='ltr'><strong>quod</strong></span> <span class='ocrx_word' id='word_1_894' title='bbox 2468 5773 2838 5842; x_wconf 89' lang='lat' dir='ltr'><strong>separabitur,</strong></span> <span class='ocrx_word' id='word_1_895' title='bbox 2875 5779 3182 5840; x_wconf 86' lang='lat' dir='ltr'><strong>separetur,</strong></span> <span class='ocrx_word' id='word_1_896' title='bbox 3204 5770 3384 5840; x_wconf 86' lang='lat' dir='ltr'><strong>inquit</strong></span> <span class='ocrx_word' id='word_1_897' title='bbox 3411 5789 3424 5823; x_wconf 88' lang='lat'><strong>:</strong></span> 
     </span>
    </p>
   </div>
   <div class='ocr_carea' id='block_1_118' title="bbox 1836 5862 3420 5938">
    <p class='ocr_par' dir='ltr' id='par_1_118' title="bbox 1836 5862 3420 5938">
     <span class='ocr_line' id='line_1_118' title="bbox 1836 5862 3420 5938; baseline 0.001 -22"><span class='ocrx_word' id='word_1_898' title='bbox 1836 5862 2034 5918; x_wconf 80' lang='lat' dir='ltr'><strong>melius</strong></span> <span class='ocrx_word' id='word_1_899' title='bbox 2060 5873 2142 5919; x_wconf 90' lang='lat' dir='ltr'><strong>est</strong></span> <span class='ocrx_word' id='word_1_900' title='bbox 2171 5865 2319 5919; x_wconf 83' lang='lat' dir='ltr'><strong>enim</strong></span> <span class='ocrx_word' id='word_1_901' title='bbox 2349 5866 2663 5938; x_wconf 78' lang='lat' dir='ltr'><strong>conjugium</strong></span> <span class='ocrx_word' id='word_1_902' title='bbox 2689 5865 2915 5922; x_wconf 73' lang='lat' dir='ltr'><strong>dissolvi</strong></span> <span class='ocrx_word' id='word_1_903' title='bbox 2949 5879 3112 5936; x_wconf 87' lang='lat' dir='ltr'><strong>quam</strong></span> <span class='ocrx_word' id='word_1_904' title='bbox 3139 5864 3420 5935; x_wconf 85' lang='lat' dir='ltr'><strong>pietatem.</strong></span> 
     </span>
    </p>
   </div>
  </div>
