4194 6468
779 387 880 453 7:31

1838 388 2236 448 (ECUMENII
2278 384 2571 445 TRICCAS
2610 386 2955 446 EPISCOPI

3940 380 4052 441 733

784 499 936 557 «Non
968 511 1052 557 est
1070 501 1325 557 servituti
1354 502 1641 572 subjectus
1686 503 1879 555 frater.
1910 521 1926 552 ι
1951 502 2171 566 Quodsi
2195 501 2359 555 etiam

2470 518 2488 551 ι
2520 500 2593 553 Ού
2632 500 2956 553 δεδούλωται
2986 500 3014 551 ὁ
3063 496 3313 566 ἁδελφός.
3350 516 3369 550 ι
3414 496 3475 550 Ei
3502 496 3557 550 δὲ
3603 495 3700 549 καὶ
3753 495 3875 549 καθ’
3910 498 4052 551 ὲκάο

778 593 836 647 in
863 593 982 648 dies
1006 602 1207 663 pugnat
1229 601 1323 647 aut
1343 593 1647 659 contendit,
1684 593 1871 646 volens
1898 602 1948 648 te
1974 597 2041 647 ad
2062 608 2214 647 suam
2236 590 2358 644 inﬁ-

779 686 1056 739 delitatem
1090 684 1408 753 pertrahere
1451 702 1465 738 :
1497 685 1601 738 hoc
1626 700 1845 753 quoque
1880 684 2043 738 modo
2079 698 2355 753 separare.

780 775 897 829 Non
917 777 1063 829 enim
1084 780 1147 828 ad
1173 775 1554 846 hujuscemodi
1589 792 1677 830 res
1699 777 1982 833 subiectus
2003 791 2063 829 es
2082 775 2356 841 servituti,

783 869 1026 921 utetiam
1045 877 1375 935 pugnantem
1395 866 1556 919 feras.
1579 867 1647 920 Et
1661 866 2006 919 manifestum
2026 874 2111 919 est
2128 865 2271 925 quod
2292 864 2359 918 de

780 973 959 1027 pugna
977 975 1097 1026 quae
1121 958 1321 1013 accidit
1343 957 1743 1026 loquitur,cum
1767 957 2077 1026 subjungit:
2107 975 2123 1005 ι
2152 957 2207 1008 lu
2228 970 2359 1024 pace

778 1049 994 1102 vocavit
1026 1065 1126 1101 nos
1148 1050 1315 1110 Deus,
1361 1069 1378 1100 ι
1410 1051 1514 1102 hoc
1560 1057 1662 1109 est,
1712 1057 1766 1101 ut
1815 1048 1869 1101 in
1902 1064 2036 1117 pace
2078 1046 2358 1116 degamus,

780 1149 836 1193 et
867 1156 974 1192 non
1012 1142 1083 1193 sit
1108 1141 1249 1193 inter
1275 1156 1374 1193 nos
1403 1139 1686 1193 dissidium
1725 1148 1819 1191 aut
1867 1154 2067 1207 pugna.
2093 1137 2361 1203 Quoniam

772 1231 948 1308 igitur
983 1239 1184 1299 pugnat
1208 1240 1261 1286 et
1285 1232 1513 1295 rixatur,
1570 1241 1857 1299 prepterea
1891 1231 2095 1283 bonum
2122 1231 2362 1285 estlibe-

782 1322 947 1375 rari.¢
986 1323 1101 1376 l\on
1129 1333 1212 1377 est
1241 1324 1493 1377 servituti
1520 1325 1797 1393 subjectus
1816 1323 1983 1377 frater
2012 1334 2106 1378 aut
2130 1340 2284 1378 soror
2307 1323 2363 1376 in

782 1414 1116 1483 huiusmodi.
1162 1433 1179 1465 ι
1204 1415 1321 1468 Non
1370 1416 1554 1476 habet,
1580 1415 1779 1482 inquit,
1815 1414 1993 1469 ﬁdelis
2018 1416 2248 1467 maritus
2270 1423 2365 1468 aut

784 1519 920 1557 uxor
948 1519 1071 1557 cum
1126 1503 1376 1557 ﬁdelibus
1402 1518 1521 1557 eam
1554 1505 1933 1558 necessitatem
1958 1521 2079 1573 quae
2117 1503 2365 1558 imminet

782 1595 833 1648 ei
851 1611 975 1648 cum
1052 1576 1325 1649 ﬁdelibus.
1352 1595 1430 1649 Ibi
1451 1596 1597 1649 enim
1621 1596 1771 1650 nullo
1792 1596 1954 1651 modo
1972 1597 2179 1666 absque
2202 1612 2364 1651 causa

782 1685 1159 1751 fornicationis
1186 1687 1315 1740 licet
1340 1704 1369 1740 a
1390 1703 1448 1741 se
1475 1704 1667 1742 mutuo
1692 1704 1789 1742 eos
1810 1688 1902 1757 qui
1938 1690 2215 1759 conjuncti
2238 1697 2367 1742 sunt

781 1778 1043 1845 separari.
1084 1777 1182 1831 Hic
1211 1793 1341 1830 vero
1364 1778 1407 1830 si
1444 1779 1739 1831 assenserit
1775 1779 1998 1845 quidem
2055 1793 2184 1847 pars
2238 1778 2360 1830 inﬁ-

781 1868 920 1922 delis
944 1877 1001 1922 ut
1045 1869 1256 1923 habitet
1310 1885 1433 1923 cum
1482 1870 1647 1932 ﬁdeli,
1704 1878 1921 1938 oportet
1979 1885 2087 1923 non
2142 1870 2355 1924 solvere

780 1960 1093 2029 conjugium
1112 2001 1125 2022 ,
1154 1961 1199 2014 si
1223 1976 1352 2015 vero
1381 1961 1670 2014 dissidium
1692 1964 1924 2014 moverit
1942 1978 2003 2015 ac
2027 1963 2355 2017 solutionem

778 2051 870 2103 illa
900 2050 1115 2114 fecerit,
1146 2067 1254 2105 non
1291 2061 1375 2105 est
1417 2052 1669 2104 servituti
1724 2053 2006 2121 subjectus
2059 2054 2237 2107 ﬁdelis
2297 2063 2357 2107 ut

777 2158 888 2196 non
921 2152 1206 2211 separetur
1235 2161 1248 2195 :
1286 2144 1380 2196 Scd
1410 2143 1550 2194 liber
1577 2152 1661 2193 est
1690 2151 1746 2193 ut
1793 2143 1883 2194 illa
1944 2127 2354 2195 matrimonium

778 2231 1025 2285 solvente
1048 2233 1213 2285 etiam
1249 2233 1363 2300 ipse
1392 2245 1694 2301 separetur.
1744 2234 1993 2286 Attamen
2044 2251 2355 2304 quanquam

776 2321 919 2376 liber
947 2324 1035 2382 sit.
1064 2331 1122 2376 ut
1153 2334 1375 2393 propter
1403 2325 1697 2377 incredulae
1722 2325 2008 2377 dissidium
2032 2327 2207 2380 solvat
2230 2343 2357 2380 cono

775 2419 1018 2487 jugium:
1055 2420 1227 2471 multo
1262 2428 1439 2471 tamen
1478 2420 1671 2472 melius
1699 2420 1939 2472 facturus
1966 2434 2069 2483 est,
2098 2422 2139 2473 si
2178 2422 2354 2474 soluta

774 2511 1125 2563 contentione
1152 2527 1247 2577 per
1283 2526 1468 2579 pacem
1502 2511 1751 2579 bon-que
1782 2527 1967 2578 opera,
1990 2527 2098 2564 non
2125 2513 2356 2565 solverit

775 2600 1209 2653 matrimonium.
1248 2620 1265 2650 ι
1307 2600 1440 2653 Nam
1466 2602 1517 2653 in
1552 2616 1681 2668 pace
1712 2602 1927 2653 vocavit
1964 2618 2060 2654 nos
2122 2601 2284 2656 Deus.
2332 2620 2349 2652 ι

777 2691 907 2750 Hoc,
949 2692 1149 2759 inquit,
1175 2692 1387 2760 signum
1416 2702 1496 2745 est
1530 2694 1870 2744 vocationem
1901 2702 2140 2744 nostram
2176 2694 2357 2757 cssefa

776 2784 904 2837 Deo.
933 2786 975 2836 si
1031 2800 1157 2853 erga
1215 2800 1407 2837 omnes
1454 2794 1719 2852 quantum
1757 2785 1807 2836 in
1834 2784 1995 2837 nobis
2034 2793 2116 2837 est
2148 2785 2355 2853 pacifici

773 2874 963 2927 simus.
1029 2875 1095 2927 Et
1153 2875 1280 2927 huic
1330 2875 1771 2943 interpretationi
1830 2875 2111 2928 conforme
2165 2884 2248 2929 est
2305 2876 2356 2929 id

774 2966 917 3033 quod
947 2964 1198 3033 sequitur
1240 2983 1251 3018 :
1290 2984 1306 3015 ι
1348 2966 1487 3031 Qui-l
1528 2966 1673 3018 enim
1708 2967 1875 3026 nosti,
1901 2981 2054 3026 uxor,
2080 2982 2146 3019 an
2178 2967 2355 3020 virum

774 3056 983 3109 salvum
1010 3056 1174 3110 facies
1205 3058 1227 3109 ?
1269 3076 1286 3107 ι
1333 3067 1559 3126 propter
1586 3057 1874 3109 maximam
1902 3058 1966 3109 ad
2006 3056 2177 3127 ipsum
2222 3073 2355 3112 con-

772 3147 1129 3200 formitatem.

846 3239 955 3295 VII.
996 3240 1077 3302 16,
1108 3241 1191 3292 l7.
1216 3238 1352 3303 Quid
1386 3241 1522 3293 enim
1555 3244 1690 3295 nosli
1713 3285 1725 3301 .
1769 3258 1921 3297 uxor.
1951 3258 2019 3292 an
2049 3244 2219 3294 virum
2256 3238 2366 3294 sal-

772 3346 893 3383 vum
923 3331 1080 3393 facies
1107 3332 1132 3383 ."
1154 3342 1243 3382 uut
1263 3333 1351 3400 qui
1370 3333 1525 3396 uasti,
1552 3335 1651 3395 vir,
1671 3353 1737 3386 an
1764 3350 1973 3386 uxorem
1993 3335 2195 3387 salvam
2211 3334 2366 3401 {acies

773 3438 951 3477 annon
996 3424 1020 3476 ?
1054 3423 1414 3492 Unusquisque
1438 3434 1493 3476 ut
1522 3427 1620 3491 ipsi
1650 3427 1827 3480 divisit
1877 3428 2053 3481 Deus:
2090 3428 2368 3496 unusquis-

776 3529 875 3582 que
917 3523 972 3565 ut
1025 3515 1194 3581 ipsum
1256 3520 1456 3568 vocavit
1503 3516 1782 3581 Dominus,
1816 3520 1888 3571 ita
1917 3518 2147 3573 ambulet
2179 3537 2196 3573 :
2228 3520 2369 3572 etsic

776 3607 831 3658 in
870 3605 1097 3657 ccclesiis
1122 3608 1359 3659 omnibus
1388 3608 1565 3660 doceo.

846 3695 925 3750 Ad
960 3697 1011 3749 id
1068 3714 1285 3751 rursum
1344 3701 1812 3764 acce.lit,'ntrum
1880 3702 2240 3756 dimittendus
2294 3702 2366 3757 sit

778 3785 1017 3841 inﬁdelis
1048 3788 1277 3856 quivult
1304 3805 1546 3853 manere,
1582 3806 1685 3844 nec
1721 3790 2012 3844 dissidium
2059 3802 2260 3857 movet,
2309 3800 2365 3845 et

776 3880 890 3934 ait:
923 3879 978 3934 Si
1008 3881 1297 3935 dissidium
1331 3898 1439 3935 non
1463 3892 1676 3935 moveat
1699 3886 1991 3937 adversum
2030 3894 2103 3947 te,
2145 3894 2363 3938 maneto

779 3989 905 4027 cum
934 3972 1073 4040 ipso.
1105 3972 1413 4026 Verisimile
1444 3974 1590 4026 enim
1614 3975 1865 4043 estquod
1898 3976 2165 4043 temporis
2197 3975 2356 4047 481

779 4079 1073 4135 progressu
1128 4056 1304 4131 ipsum
1368 4082 1586 4134 quoque
1643 4068 1852 4120 salvum
1913 4068 2101 4133 faeles,
2155 4070 2358 4122 factum

770 4156 1024 4225 ejusdem
1087 4164 1267 4208 tecum
1324 4157 1514 4219 animi,
1577 4158 1853 4225 faciesque
1912 4158 2148 4211 fidelem.
2226 4161 2361 4213 Vide

778 4258 961 4302 autem
987 4248 1130 4315 quod
1166 4264 1274 4300 non
1327 4250 1495 4318 exigit
1539 4260 1596 4302 ut
1651 4250 1703 4302 id
1751 4251 2061 4305 necessario
2123 4252 2233 4313 ﬁat,
2290 4270 2359 4307 ne

778 4356 941 4409 grave
971 4356 1112 4393 onus
1138 4341 1401 4408 imponat,
1427 4341 1519 4394 sed
1550 4341 1722 4394 futuri
1763 4342 2154 4397 ineertitudine
2186 4353 2241 4396 et
2264 4360 2362 4397 nc-

780 4431 1092 4483 cessitatcm
1128 4431 1353 4495 ademit,
1378 4442 1434 4485 et
1467 4433 1515 4485 id
1544 4434 1758 4485 curavit
1789 4449 1855 4486 ne
1887 4434 2001 4487 lucc
2058 4435 2360 4489 necessitas

2460 609 2593 657 στην
2619 591 2837 661 ἡμέραν
2871 591 3129 644 πυκτεύει
3158 590 3252 642 καὶ
3286 590 3545 659 μάχεται,
3600 588 3927 658 βουλόμενός
3986 606 4048 642 σε

2459 680 2711 750 πρὸςτὴν
2745 680 2940 733 ἑαυτοῦ
2971 679 3232 733 ἀπιστίαν
3258 678 3507 741 ἑλκύσαι,
3559 679 3651 731 καὶ
3699 677 3875 740 οὕτως
3931 697 4051 748 χω·

2462 774 2695 844 ρίσθητι.
2733 777 2807 828 Οὐ
2832 776 2939 846 γὰρ
2965 774 3309 838 δεδούλωσαι,
3342 775 3529 843 φησιν,
3565 777 3643 838 εἰς
3671 776 3738 827 τά
3789 773 4048 836 τοιαῦτα,

2461 864 2603 917 ὥστε
2637 868 2730 918 καὶ
2788 867 3094 936 μαχόμενον
3120 866 3433 936 βαστάζειν.
3472 866 3579 918 Καὶ
3613 866 3771 934 δῆλον
3801 868 3884 919 ὅτι
3911 867 4045 937 περὶ

2463 953 2639 1023 μάχης
2665 954 2963 1023 γενομένης
2992 954 3163 1020 λέγει,
3191 955 3249 1022 ἐξ
3277 948 3351 1007 ὧν
3372 954 3587 1022 ἐπάγει·
3618 973 3635 1005 ι
3663 955 3747 1006 Ἐν
3768 955 3825 1007 δὲ
3845 957 4050 1027 εἰρήνῃ

2459 1045 2729 1114 κέκληκεν
2757 1047 2904 1114 ἡμᾶς
2937 1046 2964 1097 ὁ
3002 1045 3501 1109 Θεός·›τουτέστιν,
3535 1045 3619 1099 ἵνα
3647 1048 4050 1116 εἰρηνεύωμεν,

2461 1136 2556 1188 καὶ
2590 1138 2665 1207 μὴ
2697 1139 2756 1190 ἐν
2787 1132 2970 1208 ὑμίνῇ
2999 1136 3187 1200 στάσις
3224 1138 3254 1207 ἤ
3286 1138 3457 1209 μάχη.
3496 1138 3647 1190 Ἐπεὶ
3670 1134 3759 1190 οὖν
3779 1138 4045 1207 μάχεται,

2462 1230 2546 1283 διὰ
2578 1230 2733 1282 τοῦτο
2785 1230 3167 1298 ἀπαλλαγῆναι
3220 1232 3405 1282 καλόν.
3459 1249 3477 1281 ι
3512 1231 3587 1283 Ού
3648 1231 3981 1283 δεδούλωται
4023 1234 4051 1281 ὁ

2463 1321 2689 1390 ἀδελφὸς
2722 1322 3032 1393 ἧήάδελφὴ
3057 1324 3115 1375 ἐν
3144 1324 3255 1385 τοῖς
3285 1322 3593 1386 τοιούτοις.»
3630 1323 3742 1375 Οὐκ
3762 1323 3877 1391 ἔχει
3909 1324 4051 1375 ἀνά·
4099 1388 4113 1401 '

2462 1430 2625 1483 γκην,
2656 1417 2843 1485 φησὶν,
2873 1418 2901 1468 ὁ
2931 1417 3120 1479 πιστὸς
3155 1416 3187 1487 ἦ
3242 1418 3274 1487 ή
3312 1417 3477 1487 πιστὴ
3522 1420 3579 1469 ἐν
3638 1419 3746 1479 τοῖς
3793 1418 4053 1477 ἀπίστοις

2462 1505 2742 1573 τοιαύτην,
2776 1507 2865 1559 οἵα
2889 1508 3038 1577 αὐτῷ
3074 1508 3349 1560 ἐπίκειται
3387 1510 3478 1560 ἐπὶ
3502 1509 3609 1560 τῶν
3636 1508 3866 1560 πιστῶν.
3898 1509 4055 1560 Ἐκεῖ

2469 1598 2567 1667 μὲν
2597 1596 2705 1666 γὰρ
2734 1600 2900 1650 παντὶ
2928 1598 3134 1669 τρόπῳ,
3187 1600 3355 1670 χωρὶς
3390 1599 3549 1664 λόγου
3603 1599 3881 1670 πορνείας,
3946 1599 4051 1651 οὐκ

2469 1690 2678 1757 ἔξεστιν
2709 1692 2802 1744 ἀπ’
2826 1692 3069 1761 ἀλλήλων
3099 1693 3222 1755 τους
3257 1692 3625 1762 συναφθέντας
3674 1694 4046 1762 χωρισθῆναι·

2471 1782 2705 1836 ἐνταῦθα
2751 1784 2825 1848 δὲ,
2885 1785 3080 1852 ἂνμὲν
3131 1785 3428 1853 συνευδοκῇ
3487 1785 3549 1836 τὸ
3600 1784 3829 1836 ἄπιστον
3879 1786 4053 1853 μέρος

2465 1873 2543 1943 τῷ
2574 1874 2749 1944 πιστῷ
2816 1877 3102 1939 συνοικεῖν,
3142 1876 3222 1929 δεῖ
3275 1876 3350 1945 μὴ
3385 1876 3532 1927 λύειν
3580 1876 3641 1927 τὸ
3685 1876 4050 1928 συνοικέων.-

2466 1965 2532 2019 ἂν
2581 1965 2636 2019 δὲ
2706 1968 3004 2037 στασιάζῃ,
3070 1966 3163 2018 καὶ
3207 1970 3305 2037 τὴν
3388 1967 3542 2020 λύσιν
3624 1968 3827 2030 ἐκεῖνος
3891 1973 4052 2038 ποιῇ,

2464 2057 2525 2109 οὐ
2567 2057 2889 2110 δεδούλωται
2955 2059 2982 2108 ὁ
3054 2059 3243 2120 πιστὸς
3301 2060 3380 2122 εἰς
3414 2060 3475 2112 τὸ
3549 2061 3623 2129 μὴ
3684 2059 4049 2129 χωρισθῆναι,

2462 2148 2576 2201 ἀλλ’
2644 2147 2924 2219 ἐλεύθερᾶς
3010 2150 3178 2212 ἐστιν,
3244 2151 3452 2203 ἐκείνου
3513 2151 3729 2213 λύοντος
3768 2152 3861 2203 τὸν
3953 2154 4047 2215 γά-

2467 2256 2586 2308 μον,
2624 2240 2717 2293 καὶ
2776 2239 2934 2302 αὐτὸς
2994 2240 3366 2310 διαναστῆναι.
3420 2243 3777 2314 Πλὴν,φησ“ιν,
3830 2245 3880 2296 εἰ
3959 2247 4055 2297 καὶ

2466 2329 2746 2398 ἐλεύθερός
2776 2330 2888 2380 ἐστι
2946 2330 3007 2382 τὸ
3074 2331 3404 2385 συνοικέσιον
3460 2332 3544 2386 διά
3607 2336 3705 2401 τὴν
3737 2332 3829 2385 τοῦ
3914 2333 4053 2385 ἀπί-

2466 2438 2591 2474 στου
2667 2421 2852 2473 στάσιν
2928 2420 3097 2483 λύειν,
3195 2424 3310 2476 ἀλλ’
3366 2427 3586 2493 ἄμεινον
3677 2426 3857 2495 πολλῷ
3887 2429 4051 2494 ποιή-

2467 2531 2570 2574 σει,
2626 2514 2674 2565 εί
2740 2515 2839 2583 τὴν
2871 2514 2985 2584 ἔριν
3045 2516 3240 2588 εἰρήνῃ
3297 2518 3388 2569 καὶ
3435 2518 3809 2588 καλοκαγαθίᾳ
3860 2519 4054 2581 λύσας.

2468 2606 2542 2675 μὴ
2577 2606 2728 2657 λύσει
2760 2606 2849 2658 τὸν
2886 2607 3081 2674 γάμον.
3118 2626 3134 2657 ι
3178 2608 3268 2659 Ἐν
3320 2607 3428 2676 γάρ
3470 2609 3683 2680 εἰρήνῃ,
3738 2610 3893 2678 φησὶ,
3958 2609 4055 2661 τιέ-

2467 2696 2845 2765 κληκενήμᾶς
2873 2699 2899 2747 ὁ
2942 2697 3096 2759 Θεὸς.
3138 2716 3157 2749 ι
3204 2698 3375 2750 Τοῦτο
3430 2699 3559 2768 γάρ,
3592 2700 3742 2769 φησι,
3800 2702 3897 2752 καὶ
3953 2699 4057 2766 τῆς

2464 2790 2709 2859 κλήσεως
2781 2789 2879 2860 τῆς
2955 2790 3064 2841 ἀπὸ
3150 2789 3285 2842 Θεοῦ
3371 2794 3616 2860 σημεῖον,
3691 2791 3751 2843 τὸ
3833 2794 4056 2861 εἰρηνι-

2463 2880 2592 2942 κοὺς
2634 2882 2756 2933 ὅσον
2817 2882 2874 2933 τ’)
2920 2882 2978 2945 ἐξ
3030 2882 3185 2951 ἡμῶν
3229 2884 3367 2950 προς
3419 2884 3629 2945 πάντας
3709 2879 3874 2935 εἶναι.
3939 2885 4053 2934 Καὶ

2464 2966 2526 3017 τὸ
2557 2966 2753 3035 ἐφεξῆς
2776 2968 2852 3032 δέ,
2881 2985 2898 3018 ι
2937 2969 3001 3021 Τί
3026 2970 3130 3039 γὰρ
3149 2966 3315 3034 οἶδας,
3349 2970 3561 3038 γύναι,ι
3586 2973 3677 3023 καὶ
3706 2972 3853 3041 ἑξῆς,
3878 2972 4055 3040 ταύτῃ

2468 3059 2683 3125 συνᾴδει
2727 3063 2787 3129 τῇ
2828 3061 3097 3131 ἑρμηνείᾳ
3140 3060 3227 3113 διὰ
3284 3062 3380 3131 τῆς
3424 3064 3558 3132 πρὸς
3604 3064 3778 3132 αὐτὴν
3812 3064 4056 3132 μάλιστα

2470 3151 2813 3215 ἀκολουθίχς.

2550 3244 2609 3295 Τί
2649 3244 2756 3312 γὰρ
2781 3241 2970 3310 οἶδας,
3007 3246 3199 3311 γύναι,
3232 3248 3284 3299 εί
3316 3245 3634 3315 τένᾶγδρα
3682 3246 3907 3312 σώσεις
3948 3265 3969 3311 ;
4024 3248 4056 3313 ῆ

2471 3333 2527 3385 τί
2551 3331 2741 3400 οἶδας,
2788 3335 2952 3403 ἆνερ,
3011 3339 3061 3389 εὶ
3092 3339 3207 3400 τὴν
3246 3337 3505 3403 γυναῖκα
3567 3336 3787 3402 σώσεις
3822 3338 3858 3404 ἢ
3916 3338 4004 3406 μή
4041 3355 4060 3398 .'

2464 3425 2699 3490 ἑκάστῳ
2756 3427 2837 3489 ὠς
2919 3427 3249 3494 ἐμέρισενό
3285 3427 3452 3492 Θεὸς,
3510 3427 3771 3481 ἕκαστον
3833 3432 3917 3494 ὠς
3962 3430 4059 3482 κέ-

2415 3516 2421 3525 ’
2466 3521 2693 3583 κληκεν
2716 3521 2747 3571 ό
2777 3519 3011 3585 Κύριος,
3035 3519 3224 3584 οὕτως
3259 3522 3670 3587 περιπατείτω.
3708 3521 3818 3573 Καὶ
3868 3522 4061 3586 οὕτως

2464 3610 2534 3662 ἐν
2561 3610 2691 3676 ταῖς
2722 3610 3117 3677 Ἔλικλησιίιις
3142 3610 3366 3676 πάσαις
3380 3611 3797 3680 διατάσσομαι.

2538 3703 2707 3757 Πάλιν
2742 3703 2878 3773 πρὸς
2911 3703 3000 3755 τὸν
3030 3704 3249 3771 ἀφιέναι
3287 3702 3468 3771 μένειν
3502 3704 3723 3756 θέλοντα
3770 3706 3859 3757 τὸν
3928 3708 4059 3762 ἄπι-

2472 3813 2596 3847 στον
2632 3795 2766 3864 μηδὲ
2832 3794 3192 3859 στασιάζοντα
3266 3797 3628 3867 μεταὸέὸηκε,
3691 3798 3782 3849 καί
3862 3816 4054 3867 φησιν’

2467 3884 2525 3935 ΕΞ
2554 3886 2626 3953 μὴ
2654 3884 3025 3949 διαστασιάζοι
3048 3887 3185 3954 πρὸς
3213 3886 3292 3949 σὲ,
3334 3888 3460 3955 μένε
3489 3888 3608 3954 μετ’
3660 3888 3845 3940 αὑτοῦ.
3900 3891 4061 3951 Εἰκὸς

2465 3969 2572 4040 γὰρ
2602 3969 2677 4039 τῷ
2708 3971 2887 4041 χρόνῳ
2913 3973 3006 4024 καὶ
3033 3973 3228 4036 σώσεις
3265 3974 3426 4027 αὑτὸν
3465 3976 3931 4043 συμϐουλεύοντα,
3966 3983 4061 4031 καὶ

2468 4063 2659 4115 πιστὸν
2688 4064 2961 4132 ποιήσεις.
2994 4065 3135 4135 Ὅρα
3170 4065 3226 4117 δέ
3252 4066 3368 4128 πῶς
3397 4067 3497 4118 οὐκ
3530 4069 3587 4119 ἐν
3633 4068 3851 4140 ἀνάγκῃ
3902 4069 4061 4122 τοῦτο

2466 4154 2719 4220 γενέσθαι
2743 4155 3044 4224 ἀπῄτησεν,
3075 4155 3164 4208 ἵνα
3191 4156 3265 4225 μὴ
3299 4156 3464 4226 βάρος
3495 4158 3677 4226 ἐπιθῇ,
3702 4158 3840 4209 ἀλλά
3872 4163 3941 4228 τῇ
3968 4160 4060 4212 τοῦ

2469 4244 2757 4313 μέλλοντος
2838 4244 3034 4315 ἀδηλίᾳ
3088 4246 3182 4297 καὶ
3229 4248 3326 4315 τὴν
3384 4248 3631 4315 ἀνάγκην
3690 4248 3886 4311 ἐξεῖλε,
3972 4252 4061 4302 καὶ

2472 4335 2681 4404 ταύτην
2726 4337 2801 4406 μὴ
2871 4336 3185 4403 ἀπογνῶναι
3254 4339 3349 4390 καὶ
3417 4340 3748 4409 ὲνναρκῆσαι
3820 4341 4061 4411 συμεου-

2464 4426 2743 4491 λεύουσαν,
2790 4429 3228 4498 παρεσκεύασεν.
3322 4449 3337 4479 ι
3370 4430 3440 4482 ’Ἡ
3506 4433 3604 4499 μή.
3639 4451 3656 4481 ι
3736 4433 3893 4496 Ἕως
3932 4435 4052 4495 τοῦ,

779 4519 847 4573 ad
886 4520 1324 4587 desperationem
1378 4523 1635 4576 suaderet
1687 4533 1780 4577 aut
1841 4533 2055 4592 torpere
2120 4526 2350 4580 faceret.

2468 4538 2485 4570 ι
2549 4521 2618 4572 Ἢ
2685 4520 2781 4591 μὴ,
2832 4540 2849 4571 ι
2911 4521 3090 4584 στίξον
3143 4520 3355 4573 τελείαν
3437 4523 3694 4591 στιγμὴν,
3744 4522 3907 4598 inf;
3966 4529 4058 4580 οὗ-

786 4628 804 4661 ι
852 4612 1070 4663 Annon.
1119 4629 1134 4658 ι
1175 4610 1354 4680 Usque
1373 4613 1437 4665 ad
1480 4613 1530 4666 id
1568 4614 1791 4666 verbum
1818 4633 1833 4663 ι
1877 4616 2093 4679 Annon,
2131 4636 2147 4665 ι
2177 4616 2357 4685 perfe-

780 4709 921 4753 ctam
956 4701 1247 4769 producun
1278 4702 1718 4767 distinctionem,
1752 4714 1811 4757 ut
1842 4705 1912 4758 sit
1968 4704 2059 4758 hic
2115 4722 2313 4761 sensus
2349 4725 2363 4760 :

778 4789 887 4841 Aut
915 4791 1005 4858 qui
1040 4792 1204 4856 nosti,
1242 4793 1345 4851 vir.
1386 4804 1568 4846 utrum
1598 4810 1821 4848 uxorem
1847 4797 2049 4849 salvam
2077 4798 2240 4852 facies
2266 4815 2367 4852 an-

780 4882 934 4933 non?
965 4882 1075 4934 ηδε
1101 4893 1205 4946 est,
1237 4884 1389 4939 Unde
1424 4886 1565 4939 nosti
1592 4896 1775 4940 utrum
1811 4889 2012 4943 salvam
2041 4888 2227 4951 facies,
2259 4907 2358 4945 an-

2465 4626 2599 4674 τωςσ
2632 4612 2702 4662 Ἣ
2734 4610 2784 4662 τί
2809 4606 2978 4673 οἶδας,
3002 4610 3341 4681 ἄνερ,εἱτὴν.
3364 4615 3596 4679 γυναῖκα
3628 4613 3821 4676 σώσεις
3857 4616 3889 4683 ἧ
3927 4620 4002 4686 μή
4033 4637 4045 4679 ;

2469 4702 2737 4762 τουτέστι,
2766 4702 2934 4754 Πόθεν
2957 4700 3103 4765 οἶδας
3137 4705 3184 4755 εί
3212 4703 3459 4773 σώσειςῆ
3492 4704 3565 4772 μὴ
3591 4705 3782 4767 σώσεις
3812 4724 3826 4768 ;
3860 4708 4057 4777 ἄδηλον

2472 4794 2581 4863 γὰρ
2622 4793 2682 4845 τὸ
2714 4793 2905 4862 μέλλον
2929 4808 2941 4821 ⁶
2998 4793 3197 4862 ἀδήλου
3244 4796 3301 4848 δὲ
3338 4796 3509 4858 ὄντος,
3537 4797 3595 4848 οὑ
3639 4796 3721 4848 δεῖ
3755 4797 3907 4851 λύειν
3964 4803 4053 4853 τὸν

2474 4886 2673 4954 γάμον.

778 4986 889 5022 non
920 4972 1124 5024 salvam
1152 4973 1364 5029 facies?
1390 4974 1662 5030 Incertum
1692 4987 1777 5032 est
1808 4978 1955 5032 enim
2000 4980 2132 5049 quid
2167 4981 2412 5036 futurum
2477 4981 2547 5034 sit
2580 4996 2591 5030 :
2649 4991 2885 5044 cumque
2917 4975 3191 5030 incertum
3262 4977 3353 5043 sit,
3393 4992 3506 5033 non
3566 4989 3790 5051 oportet
3828 4984 4048 5039 solvere

776 5066 1117 5133 conjugium.

812 5157 1067 5210 -Etenim
1098 5158 1143 5210 si
1173 5158 1377 5213 salvam
1414 5176 1522 5215 non
1582 5162 1797 5231 feceris,
1853 5167 2064 5221 nullum
2122 5168 2361 5237 accipies

774 5247 1172 5301 detrimentum
1206 5266 1219 5303 :
1260 5250 1305 5303 si
1338 5266 1468 5305 vero
1511 5254 1713 5307 salvam
1746 5255 1968 5317 feceris.
2028 5269 2083 5311 et
2141 5260 2363 5328 juvabis

776 5348 833 5391 et
857 5338 1287 5407 ipscjuvaberis.
1323 5361 1340 5393 ι
1375 5342 1684 5414 Unicuique
1710 5356 1767 5399 ut
1792 5348 1895 5416 ips:
1930 5351 2118 5405 divisit
2143 5352 2308 5406 Deus.
2342 5372 2358 5403 ι

779 5428 1061 5497 Siquidem
1099 5433 1248 5487 solus
1278 5433 1395 5502 ipse
1426 5436 1577 5489 novit
1609 5438 1737 5505 quid
1770 5440 1902 5492 utile
1931 5442 2022 5504 sit,
2067 5451 2123 5495 et
2176 5454 2360 5497 utrum

777 5521 950 5589 magis
1005 5522 1323 5579 conferebat
1371 5535 1431 5580 ut
1486 5528 1554 5581 ab
1606 5528 1765 5581 initio
1818 5531 1995 5584 fidelis
2041 5535 2366 5602 conjunctus

779 5622 929 5666 esset
958 5614 1164 5669 infideli
1197 5632 1265 5669 an
1301 5617 1459 5672 fideli.
1499 5619 1713 5674 Etenim
1752 5620 1804 5673 in
1854 5623 2185 5691 quibusdam
2232 5642 2365 5680 con-

779 5703 1015 5761 ducebat
1051 5717 1107 5762 ut
1144 5698 1320 5764 ﬁdelis
1355 5710 1501 5766 ﬁdeli
1563 5713 1903 5769 cohabitaret
1934 5732 1995 5769 ac
2040 5719 2366 5787 conjunctus

778 5806 945 5865 esset,
980 5800 1034 5855 in
1061 5802 1390 5886 quibusdam
1427 5821 1555 5861 vero
1587 5817 1644 5861 ut
1670 5807 1845 5865 ﬁdelis
1889 5809 2095 5865 infideli
2134 5822 2226 5867 :ct
2275 5814 2347 5868 ita

2529 5167 2619 5238 Μὴ
2652 5165 2841 5230 σώζων
2884 5168 2983 5236 μὲν
3012 5166 3120 5238 γὰρ
3145 5167 3244 5219 οὐκ
3286 5166 3544 5236 ἐϐλάϐης,
3587 5168 3775 5232 σώζων
3812 5170 3869 5222 δὲ
3909 5172 4057 5239 (1);:-

2460 5259 2656 5329 λήθης.
2691 5277 2709 5310 ι
2756 5259 3003 5329 Ἐκάστῳ
3045 5259 3118 5320 ὡς
3183 5259 3439 5329 ἐμέρισεν
3484 5261 3512 5311 ὁ
3570 5260 3762 5322 Θεὸς.)
3811 5262 3882 5313 Τὸ
3947 5266 4053 5332 γὰρ

2466 5351 2744 5420 συμφέρον
2794 5350 2955 5412 αὐτὸς
2999 5351 3157 5419 μόνος
3220 5347 3350 5413 οἶδε,
3387 5351 3481 5402 καὶ
3548 5353 3775 5420 πότερον
3838 5354 4040 5421 μᾶλλον

2470 5441 2764 5503 συνετέλει,
2794 5439 2886 5491 τὸν
2911 5440 3102 5492 πιστὸν
3148 5440 3206 5505 ἐξ
3248 5442 3420 5509 ἀρχῆς
3457 5442 3668 5509 ἀπίστῳ
3712 5442 4052 5511 συναφθῆναι

2476 5533 2508 5603 ἦ
2536 5532 2732 5601 πιστῷ.
2759 5532 2879 5583 Ἐπ’
2917 5532 3193 5600 ἐνίωνμὲν
3228 5533 3334 5601 γὰρ
3366 5534 3627 5603 συνέφερε
3658 5536 3847 5587 πιστὸν
3879 5538 4053 5605 πιστῴ

2475 5627 2765 5685 συνοικεῖν,
2796 5624 2887 5676 καὶ
2915 5625 3159 5694 συνῆφθη
3190 5642 3197 5651 '
3220 5626 3305 5677 ἐπ’
3330 5627 3485 5678 ἐνίων
3509 5628 3563 5678 δε
3595 5628 3781 5679 πιστδν
3799 5628 4040 5696 ἀπίστῳ,

2474 5718 2568 5771 καὶ
2600 5717 2822 5783 γέγονεν
2844 5714 3035 5778 οὕτως.
3073 5718 3181 5768 Καὶ
3200 5717 3403 5770 τούτων
3422 5719 3595 5779 οἱδείς
3644 5719 3792 5769 ἐστιν
3848 5720 4049 5783 ἱκανὸς,

2463 5808 2692 5863 συνιδεῖν
2720 5808 2816 5872 τὰς
2849 5808 3043 5874 αἱτῖας,
3072 5808 3212 5879 πλὴν
3231 5808 3334 5862 τοῦ
3370 5808 3510 5862 οὕτω
3530 5808 3931 5879 διαταξαμένου
3958 5812 4047 5863 καὶ
