4194 6468
146 414 261 475 7:53

1090 417 1485 480 COMMENT.
1528 420 1596 477 IN
1634 420 1938 482 El‘lS'l‘.I
1982 425 2080 483 Αυ
2111 402 2477 485 CORINTH.

3332 429 3439 493 734

147 525 486 593 μερίσαντος
500 523 659 587 Θεοῦ,
686 526 780 578 καὶ
801 526 1131 589 καλέσαντος
1155 528 1385 599 Κυρίου.
1415 529 1476 582 Εί
1500 530 1555 582 δὲ
1578 529 1744 590 ὸΘεὸς

1852 532 2051 587 factum
2087 546 2187 589 est.
2224 536 2289 589 Et
2324 535 2522 589 horum
2553 552 2746 591 causas
2768 552 2929 592 nemo
2964 538 3198 593 idoneus
3228 549 3313 595 est
3340 541 3436 610 qui

146 616 243 667 καὶ
266 620 295 669 ὀ
313 616 524 686 Κύριος
549 616 648 679 τὰς
668 616 925 680 τοιαύτας
955 617 1254 687 συναφείας
1285 618 1444 684 ἔταξε
1476 624 1565 682 καὶ
1614 621 1749 690 ἐμέο

150 725 273 775 ρισε
298 710 446 762 κατὰ
474 711 535 761 τὸ
559 710 791 762 ἐκάστου
808 711 1113 781 συμφέρον,
1136 713 1238 765 οὐκ
1269 713 1477 780 ὀφείλει
1508 717 1534 766 ὁ
1555 714 1748 776 πιστδς

148 800 373 869 ἀπίστῳ
401 801 696 870 συναφθεὶς
725 802 1040 874 δυσφορεῖν,
1087 805 1119 874 ἢ
1153 806 1396 873 ἀγωνίαν
1454 805 1550 859 καὶ
1593 807 1747 858 λύσιν

148 892 463 958 ἐπιζητεῖν,
501 893 635 946 ἀλλᾶ
704 894 886 959 καθὼς
953 895 1157 965 ἐκλήθη
1228 897 1478 956 ἕκαστος,
1559 896 1734 966 τούτῳ

154 982 425 1048 ἐμμένειν
446 985 1011 1054 καὶ’συμπεριπατε“ίν.
1031 986 1090 1039 Ὀ
1103 986 1211 1056 γὰρ
1242 987 1573 1056 Σευηριανὸς
1604 988 1749 1038 ἐστι-

148 1073 241 1136 ξεν
277 1075 474 1137 οὕτως.
506 1076 569 1127 Εἰ
612 1077 721 1147 γὰρ
767 1077 842 1147 μὴ
888 1077 1060 1141 οὕτως
1116 1078 1323 1148 στίξῃς,
1376 1079 1749 1148 ἁσυνάρτητον

146 1165 340 1230 ἔλεγεν
364 1162 502 1217 εἶναι
528 1166 629 1237 τὴν
649 1166 923 1231 σύνταξιν.
948 1168 1136 1230 Οὕτως
1154 1186 1235 1231 σε,
1256 1171 1442 1238 φησὶν,
1493 1170 1749 1239 ἑμέρωεν

145 1258 173 1308 ὀ
205 1257 343 1317 Θεὸς
378 1257 470 1309 καὶ
497 1257 670 1321 οὕτως
706 1258 997 1327 κέκληκεν,
1038 1260 1175 1329 μετὰ
1215 1259 1473 1327 γυναικὸς
1497 1260 1530 1329 ἢ
1557 1260 1750 1329 ἀνδρὸς

145 1351 388 1403 ἀπίστου
409 1368 423 1381 ο
458 1355 659 1420 στέργε
698 1350 993 1422 τοιγαροῦν
1023 1351 1114 1405 τὸν
1138 1352 1339 1421 γάμον,
1378 1352 1473 1405 καὶ
1502 1352 1577 1421 μὴ
1627 1351 1748 1403 δια-

146 1443 321 1513 λύσῃς
354 1444 455 1513 τὴν
473 1444 909 1508 πίστιν.ιοὖτως
936 1446 994 1498 ἐν
1021 1447 1140 1507 ταῖς
1158 1444 1513 1514 Ἐκκλησίαις
1547 1444 1749 1506 πάσαις

144 1536 760 1606 διατάσσομαι.›Τοῦτο
777 1539 998 1605 ἐπάγει.
1032 1538 1119 1589 ἵνα
1147 1537 1225 1607 τῷ
1250 1540 1400 1607 σχεῖν
1429 1538 1523 1589 καὶ
1556 1537 1748 1599 ἄλλους

147 1629 450 1689 κοινωνοὺς
522 1630 616 1682 καὶ
684 1630 851 1692 ἄλλας
938 1628 1289 1699 Ἐκκλησίας,
1346 1630 1751 1701 προθυμότεροι

149 1719 284 1789 περὶ
318 1720 419 1789 τὴν
458 1720 707 1792 ὑπακοὴν
732 1721 1018 1790 γένωνται.

1851 635 2149 694 cognoscat
2197 627 2299 680 nisi
2364 628 2479 696 ipse
2512 628 2656 681 Deus
2689 629 2780 698 qui
2817 631 2889 683 ita
2927 630 3202 699 disposuit
3230 648 3293 686 ac
3350 633 3438 686 di-

1856 714 2059 776 visit,et
2084 716 2347 769 Dominus
2370 718 2457 784 qui
2492 718 2890 784 vocavit.Quod
2919 721 2963 773 si
2991 722 3134 774 Deus
3160 736 3223 775 ac
3250 722 3439 776 Domi-

1851 800 2162 868 hujusmodi
2191 804 2614 872 conjunctiones
2642 804 2939 874 diSposuit,
2973 825 3037 862 ac
3060 809 3249 863 divisit
3273 810 3428 879 juxta

1849 898 2117 964 cujusque
2145 898 2456 957 utilitatem.
2506 913 2612 951 non
2662 897 2827 952 debet
2875 898 3052 954 ﬁdelis
3112 903 3440 971 conjuuctus

1850 989 2328 1059 inlidcligraviter
2387 991 2533 1044 ferre
2594 1002 2685 1044 aut
2736 993 2949 1046 anxiari
3005 1002 3061 1047 et
3107 997 3437 1049 solutionem

1850 1080 2133 1149 requirere
2169 1099 2180 1133 :
2216 1083 2309 1133 sed
2344 1083 2488 1135 sicut
2528 1084 2907 1151 urnisquisque
2951 1094 3182 1139 vocatus
3230 1095 3334 1146 est.
3382 1086 3435 1140 iu

1851 1170 1957 1225 hoc
1986 1182 2301 1239 permaneat
2330 1189 2393 1227 ac
2452 1174 2733 1243 procedat.
2784 1175 3116 1231 Severianus
3163 1177 3312 1231 enim
3361 1178 3436 1231 ita

1849 1264 2098 1317 distinxit
2131 1284 2143 1317 :
2172 1282 2294 1318 nam
2329 1267 2371 1319 si
2404 1267 2475 1319 ita
2510 1281 2617 1319 non
2647 1267 2975 1335 distinguas.
3006 1268 3427 1337 incompositam

1849 1355 1987 1409 dixit
2013 1371 2134 1410 esse
2165 1358 2589 1411 ordinationem.
2632 1358 2731 1422 lla,
2763 1359 2963 1427 inquit.
2994 1368 3043 1412 te
3078 1360 3265 1414 divisit
3290 1361 3435 1415 Deus

1849 1457 1903 1501 et
1946 1450 2016 1501 ita
2048 1450 2413 1503 vocavitcum
2458 1465 2627 1503 uxore
2683 1459 2777 1502 aut
2836 1451 2953 1503 viro
3003 1450 3253 1505 infideli:
3312 1468 3435 1506 ama

1851 1540 2016 1609 igitur
2045 1541 2359 1610 conjugium
2397 1556 2499 1595 nec
2533 1541 2692 1595 Iidem
2724 1541 3011 1597 dissolvas.
3051 1561 3068 1594 ι
3108 1541 3182 1596 lta
3230 1543 3281 1596 in
3325 1544 3432 1598 Ec-

1850 1631 2033 1684 clesiis
2069 1633 2328 1685 omnibus
2349 1634 2597 1685 ordino.»
2626 1631 2742 1687 lioc
2787 1642 2973 1686 autem
3020 1633 3324 1703 suhjungit,
3379 1641 3440 1688 ut

1849 1733 1914 1771 ex
1948 1717 2051 1771 hoc
2084 1717 2232 1787 quod
2260 1718 2397 1773 alios
2425 1734 2645 1789 quoque
2680 1721 2918 1775 habeant
2967 1723 3148 1776 socios
3185 1733 3242 1777 et
3301 1724 3436 1777 alias

1849 1810 2134 1871 ecclesias,
2164 1812 2531 1879 promptiores
2564 1814 2696 1867 (iant
2729 1813 2793 1865 ad
2823 1813 3217 1867 obedientiam.

218 1902 736 1970 Περιτετμημένος
776 1921 869 1968 τις
913 1905 1167 1973 ἐκλήθη,
1208 1905 1296 1975 μὴ
1356 1906 1740 1961 ἐπισπάσθω.

1921 1902 2033 1964 Vll,
2062 1903 2246 1956 18-20.
2278 1903 2625 1957 Circumcisus
2653 1906 2915 1974 quispiam
2946 1915 3164 1957 vocatus
3192 1914 3291 1967 est,
3331 1922 3437 1958 non

160 1996 268 2047 Ἔν
308 1994 679 2060 ἀκροϐυστίᾳ
711 2012 803 2061 τις
850 1997 1103 2065 ἐκλήθη,
1145 1998 1231 2066 μὴ
1288 1998 1746 2066 περιτεμνέσθω.

162 2087 239 2140 Ἠ
258 2087 549 2155 περιτομὴ
580 2088 760 2142 οὐδέν
789 2090 941 2156 ἐστι,
973 2091 1070 2145 καί
1104 2092 1140 2158 ἡ
1172 2092 1537 2157 ἀκροϐυστίά
1570 2091 1751 2144 οἱ·δὲν

149 2184 348 2247 ἐστιν,
383 2184 544 2238 ἀι.ιά
598 2184 851 2252 τήρησις
887 2186 1153 2239 ἐντολῶν
1207 2187 1375 2240 Θεοῦ.
1447 2187 1750 2252 ’Ἕκαστος

149 2278 219 2329 ἐν
251 2276 326 2344 τῇ
368 2277 587 2342 κλήσει
622 2272 661 2348 ᾖ
709 2279 960 2343 ἐκλήθη,
999 2281 1070 2331 ἐν
1119 2280 1304 2346 ταύτῃ
1358 2278 1603 2347 μενέτω.

235 2370 431 2425 Πάλιν.
461 2371 618 2438 φησὶ,
645 2370 1117 2439 περιτετμημένος
1140 2369 1482 2439 ἐκλήθη;,μὴ
1508 2370 1746 2424 ἐπισπῶ.

149 2487 221 2499 -
254 2458 463 2530 {NII}
500 2458 558 2511 Ὀ
586 2458 740 2526 ἅγιος
764 2459 1085 2527 Ἐπιφέινιος
1121 2459 1283 2512 τοῦτό
1311 2477 1497 2529 φησιν,
1536 2461 1617 2512 ὅτι
1660 2460 1751 2513 διά

152 2568 299 2612 τινος
321 2550 619 2620 θεραπείας
647 2552 1105 2621 φαρμακευτικῆς
1151 2551 1383 2604 δύναταί
1413 2569 1497 2613 τις
1523 2553 1748 2620 ποιῆσαι

155 2643 247 2693 τὶν
270 2644 650 2712 ἐμπερὶτομον
669 2644 1029 2713 ἀκρόϐυστον,
1058 2644 1152 2697 καὶ
1169 2644 1250 2695 ὅτι
1278 2642 1482 2713 ταύτης
1514 2643 1613 2712 τῆς
1631 2646 1751 2695 ἐπι-

153 2735 306 2792 νοίας
330 2734 550 2802 πρῶτος
578 2736 805 2804 εὑρετὴς
832 2736 1051 2803 γέγονεν
1090 2735 1281 2788 Ἡσαῦ.
1302 2737 1402 2788 Διὰ
1449 2735 1607 2788 τοῦτο
1654 2754 1752 2805 φη-

155 2826 457 2888 σινόΘεόςο
485 2846 503 2878 ι
527 2828 815 2881 ΤὸνἪσαῦ
845 2830 1242 2898 ἐμίσησα.ι-‹
1278 2830 1367 2881 Ἐν
1412 2829 1750 2901 ἀκροϐυστίᾳ

152 2934 236 2981 τις
287 2918 517 2988 ἐκλήθη,
568 2919 641 2988 μὴ
681 2918 1160 2989 περιτεμνέσθω.»
1219 2918 1643 2990 -[ΟΙΚΟΥΜ.]
1665 2921 1750 2972 Εἰ-

156 3014 249 3075 κδς
283 3012 397 3080 γὰρ
434 3011 540 3064 ἀπὸ
572 3028 715 3073 τινος
749 3009 1316 3081 θεραπείαςδύνασθαι
1345 3013 1424 3073 εἰς
1447 3008 1505 3061 τὸ
1529 3012 1751 3080 ἀρχαῖον

156 3102 474 3155 ἐπανελθεῖν
495 3103 594 3170 τὴν
620 3102 942 3170 περιτομὴν,
965 3102 1058 3154 καὶ
1080 3102 1215 3170 πρὸς
1241 3101 1410 3171 αὐτὴν
1433 3102 1753 3171 ἀνατρέχειν

1853 2006 2090 2049 accersat
2123 2000 2439 2065 pra'putium
2477 2017 2493 2051 :
2528 2002 2581 2051 iu
2608 2002 2863 2066 prwputio
2902 2000 3037 2052 alius
3082 2010 3296 2052 vocatus
3336 2009 3432 2064 est,

1853 2107 1955 2142 non
1984 2091 2414 2144 circumcidatur.
2447 2089 2787 2145 Circumcisio
2824 2091 2959 2145 uihil
2982 2101 3075 2155 est,
3128 2102 3175 2144 et
3223 2108 3437 2159 pra’pu-

1852 2186 1983 2235 tium
2014 2184 2146 2235 nihil
2174 2194 2271 2245 est,
2292 2184 2382 2236 sed
2408 2184 2697 2237 observatio
2723 2185 3239 2252 pra'ccplorumrbei.
3271 2185 3439 2241 Unus-

1852 2277 2069 2345 quisque
2098 2279 2150 2328 iu
2182 2294 2240 2329 ea
2259 2279 2529 2329 vocatione
2550 2288 2764 2330 niaueat
2790 2279 2841 2329 in
2868 2294 2969 2344 qua
2994 2286 3205 2333 uocatus
3234 2287 3327 2332 est.

1924 2369 2213 2431 Praeterea,
2249 2369 2449 2438 inquit,
2475 2368 2838 2423 circumcisus
2867 2379 3091 2423 vocatus
3123 2386 3203 2435 es,
3241 2388 3308 2425 nc
3345 2386 3438 2425 ac-

1853 2474 2036 2513 cersas
2070 2460 2666 2528 praeputium—Divus
2690 2461 3034 2530 Epiphanius
3062 2462 3158 2520 ait.
3181 2462 3327 2531 quod
3344 2479 3441 2531 per

1852 2552 2089 2619 aliquam
2122 2554 2505 2606 medicinalem
2534 2570 2722 2607 curam
2756 2564 2937 2623 potest
2980 2556 3252 2625 quispiam
3312 2572 3436 2611 eum

1853 2644 1946 2712 qui
1979 2645 2343 2698 circumcisus
2370 2654 2454 2699 est
2502 2645 2684 2699 facere
2728 2648 3151 2716 praeputiatum:
3185 2648 3349 2719 482
3384 2658 3440 2703 et

1852 2735 1995 2803 quod
2026 2734 2193 2802 hujus
2239 2736 2456 2789 consilii
2519 2735 2731 2804 primus
2782 2736 3037 2790 inventor
3090 2736 3193 2791 fuit
3219 2738 3361 2791 Esau
3408 2756 3420 2790 :

1851 2835 1907 2879 et
1954 2836 2243 2894 propterea
2277 2828 2415 2882 dixit
2460 2828 2649 2883 Deus:
2692 2848 2708 2879 ι
2750 2830 2893 2883 Esau
2929 2829 3057 2883 odi.»
3117 2830 3369 2884 habui".
3411 2848 3431 2883 ι

1854 2949 1920 2958 -
1963 2938 1979 2969 ι
2023 2918 2081 2972 ln
2109 2921 2379 2989 praeputio
2409 2920 2551 2974 alius
2581 2932 2804 2975 vocatus
2839 2930 2944 2986 est,
2974 2937 3084 2976 non
3142 2923 3434 2976 circumci-

1854 3010 2030 3064 datur.
2082 3012 2528 3065 i—Verisimile
2561 3019 2644 3065 est
2691 3012 2873 3080 aliqua
2934 3028 3063 3066 cura
3112 3012 3227 3067 ﬁeri
3281 3029 3439 3082 posse

1855 3108 1915 3153 ut
1946 3110 2255 3155 revertatur
2286 3102 2638 3155 circumcisio
2675 3102 2726 3155 iu
2758 3103 2808 3155 id
2835 3103 2979 3171 quod
3017 3104 3146 3157 olim
3198 3114 3337 3167 erat,
3376 3114 3431 3159 et

156 3195 251 3247 καὶ
271 3193 600 3263 καυχᾶσθαι.
621 3193 707 3245 Ἐν
724 3194 1077 3264 ἀκροϐυστίᾳ,
1100 3196 1281 3262 φησιν,
1302 3193 1557 3261 ἐκλήθης,
1581 3194 1706 3263 μένε
1723 3192 1749 3245 ὃ

1856 3192 1921 3247 ad
1956 3194 2127 3261 ipsam
2155 3194 2279 3261 quis
2312 3201 2561 3246 recurrat
2601 3209 2664 3247 ac
2696 3193 2980 3263 glorietur.
3035 3195 3092 3248 in
3146 3196 3432 3264 praiputio,

157 3285 227 3340 εἴ.
246 3286 390 3341 Οὖτε
407 3286 566 3356 γὰρὴ
592 3288 866 3355 περιτομὴ
889 3287 1026 3354 πρὸς
1046 3286 1323 3355 σωτηρίαν
1349 3286 1742 3355 συμϐάλλεται,

154 3380 278 3434 οὔτε
312 3381 346 3449 ἡ
372 3378 707 3448 ἀκροϐυστία
736 3378 1075 3446 λυμαίνεται.
1098 3378 1247 3441 Ἐνὸς
1274 3380 1381 3447 γὰρ
1409 3378 1567 3448 χρεία
1587 3378 1746 3442 μόνον

156 3474 250 3527 τοῦ
273 3470 517 3541 πληροῦν
535 3472 633 3533 τὰς
650 3470 892 3533 ἐντολάς.
929 3499 999 3511 -—
1034 3467 1234 3541 [ΦΩΤ.]
1307 3471 1416 3523 Καὶ
1449 3473 1483 3538 ἡ
1511 3469 1749 3539 ὠφέλεια

156 3569 242 3620 διὰ
270 3569 371 3636 τὴν
402 3566 637 3634 τήρησιν
677 3564 773 3632 τῆς
807 3561 1026 3631 ἐντολῆς
1043 3562 1389 3631 περιγίνεται
1422 3561 1622 3631 ὁμοίως
1655 3563 1749 3617 καὶ

155 3663 219 3729 τῇ
252 3659 527 3727 περιτομῇ
557 3656 651 3708 καί
684 3657 748 3724 τῇ
787 3652 1145 3723 ἀκροϐυστίᾳ.
1207 3653 1327 3704 Τῶν
1385 3653 1493 3722 γὰρ
1539 3654 1595 3704 ἐν
1652 3655 1749 3706 ἀν-

159 3749 399 3820 θρώποις
429 3747 707 3817 πράξεων,
736 3749 789 3799 αί
826 3747 925 3816 μὲν
960 3744 1081 3797 καθ’
1107 3746 1276 3807 αὐτὰς
1302 3745 1487 3814 ἔχουσι
1530 3747 1588 3797 τὸ
1613 3748 1750 3816 χρή-

160 3858 340 3911 σιμον,
363 3843 456 3893 καὶ
485 3840 533 3890 εἰ
565 3840 641 3909 μὴ
675 3832 807 3891 ὦσιν
841 3838 1062 3907 ἐντολῆς
1094 3837 1396 3907 ὴρτημέναι
1430 3836 1600 3904 Θείας,
1638 3832 1750 3889 οἷον

160 3938 190 4005 ὴ
242 3932 561 4000 δικαιοσύνη
624 3932 718 3983 καὶ
768 3932 837 3984 τὰ
886 3931 1068 3994 ὅμοια·
1126 3930 1183 3982 αἰ
1219 3928 1275 3980 δέ
1311 3928 1400 3981 διὰ
1442 3928 1609 3999 μόνην
1652 3929 1750 4001 τὴν

162 4026 399 4095 ἐντολὴν,
434 4025 507 4085 ὼς
533 4023 599 4076 τὰ
621 4023 850 4076 πλεῖστα
887 4024 994 4075 τῶν
1027 4023 1082 4074 ἐν
1108 4020 1184 4091 τῷ
1209 4020 1379 4090 νᾶμῳ.

226 4117 456 4182 Δοῦλος
482 4114 771 4181 ἐκλήθης,
827 4114 909 4185 μή
967 4130 1066 4168 σοι
1119 4112 1369 4183 μελέτωο
1402 4112 1541 4165 ἀλλ’
1580 4110 1749 4164 εὶκαὶ

160 4210 420 4262 δύνασαι
466 4209 787 4273 ἐλεύθερος
848 4206 1150 4277 γενέσθαι,
1208 4204 1450 4274 μᾶλλον
1504 4204 1747 4273 χρῆσαι.

171 4305 231 4352 ’0
268 4306 377 4371 γὰρ
418 4301 487 4353 ἐν
520 4300 715 4368 Κυρίῳ
775 4299 1022 4367 κληθείς
1064 4298 1309 4362 δοῦλος,
1350 4298 1751 4365 ἀπελεύθερος

162 4395 384 4458 Καρίου
409 4390 601 4443 ἐστίν.
652 4390 892 4458 Ὁμοίως
993 4388 1090 4441 καί
1146 4392 1178 4442 ό
1233 4388 1547 4455 ἐλεύθερος
1608 4390 1751 4451 κλη-

159 4484 317 4547 θεὶς.
364 4479 585 4543 δοῦλός
626 4480 756 4531 ἐστι
828 4479 1105 4547 Χριστοῦ.
1168 4479 1344 4547 Τιμῆς
1412 4478 1752 4547 ἠγοράσθη-

1854 3284 2051 3351 inquit,
2074 3292 2299 3338 vocatus
2321 3300 2400 3345 es,
2429 3300 2587 3339 mane
2613 3288 2666 3339 in
2700 3301 2766 3340 eo
2793 3287 2939 3356 quod
2967 3303 3046 3341 es.
3080 3288 3268 3353 Neque
3289 3290 3435 3343 enim

1848 3376 2064 3430 confert
2091 3377 2159 3429 ad
2191 3378 2420 3431 Salutem
2448 3380 2627 3431 circur
2662 3379 2816 3443 cisio,
2861 3395 3040 3449 neque
3098 3381 3252 3434 obest
3300 3398 3437 3449 pra:-

1851 3466 2088 3533 putium.
2123 3467 2404 3536 Siquidem
2434 3469 2535 3522 hoc
2570 3486 2678 3522 uno
2704 3486 2844 3540 opus
2874 3480 2958 3525 est
3000 3483 3059 3525 ut
3123 3475 3439 3541 complean-

1854 3566 1943 3609 tur
1961 3567 2245 3626 prmccpta.
2276 3588 2342 3598 —-
2367 3560 2431 3612 Et
2450 3575 2546 3629 per
2566 3562 3005 3615 observationem
3031 3573 3435 3632 praceptorum

1851 3647 2041 3701 eadem
2070 3648 2285 3702 accedit
2322 3649 2530 3702 utilitas
2566 3650 2973 3703 eircumcisioni
3026 3661 3081 3705 et
3141 3652 3434 3720 praeputio.

1852 3741 1999 3795 Inter
2022 3758 2187 3811 Opera
2219 3760 2455 3812 namque
2495 3744 2756 3806 humana,
2811 3745 3060 3812 quardam
3124 3760 3192 3797 ex
3242 3745 3438 3813 seipsis

1854 3832 1995 3885 bona
2029 3841 2175 3894 sunt,
2212 3833 2428 3887 etiamsi
2479 3842 2751 3901 prmcepto
2795 3848 2901 3885 non
2940 3842 3199 3901 aptentur
3232 3834 3437 3900 divine,

1852 3921 2023 3975 veluti
2059 3923 2385 3991 estjustitia
2443 3938 2505 3975 ac
2572 3922 2772 3976 similia
2816 3940 2827 3973 :
2866 3922 2971 3975 alia
3030 3938 3160 3975 vero
3211 3932 3438 3992 propter

1853 4012 2029 4066 solum
2054 4022 2410 4080 prmceptum,
2444 4010 2629 4080 qualia
2660 4020 2790 4063 sunt
2823 4010 2990 4062 multa
3029 4009 3080 4061 in
3115 4010 3251 4078 lege.

1925 4103 2039 4167 VII,
2060 4104 2447 4159 2|~2LServus
2463 4112 2673 4157 vocatus
2696 4120 2768 4164 es,
2789 4120 2851 4155 ue
2874 4103 2940 4155 sit
2968 4102 3059 4153 tibi
3086 4118 3262 4154 ειινιε;
3290 4102 3442 4169 quiu-

1854 4200 2015 4252 etiam
2060 4200 2105 4251 si
2151 4207 2292 4265 potes
2324 4197 2444 4265 ﬁeri
2491 4196 2654 4258 liber,
2686 4197 2855 4265 potius
2897 4203 3060 4247 utere.
3088 4191 3230 4245 Nam
3259 4196 3345 4255 qui
3386 4198 3439 4245 in

1854 4290 2081 4343 Domino
2102 4299 2314 4342 vocatus
2342 4297 2416 4342 est
2446 4304 2623 4341 servus
2661 4288 2876 4338 libertus
2902 4286 3107 4337 Domini
3137 4295 3211 4336 est
3247 4298 3264 4335 :
3295 4286 3442 4336 simi-

1853 4384 1973 4435 liter
1989 4393 2036 4435 et
2060 4384 2147 4451 qui
2181 4382 2311 4434 liber
2330 4391 2543 4434 vocatus
2575 4389 2670 4441 cst,
2702 4395 2880 4432 servus
2914 4386 2985 4430 est
3003 4377 3217 4433 Christi.
3266 4376 3438 4427 Pretio

1854 4478 2011 4547 empti
2032 4479 2174 4537 estis,
2204 4492 2267 4529 ne
2294 4475 2589 4545 eﬂiciamiui
2618 4475 2751 4527 servi
2770 4474 3057 4525 hominum.
3088 4470 3440 4536 Unusquisque

163 4592 244 4636 τε,
267 4572 354 4641 μὴ
374 4573 615 4641 γίνεσθε
654 4572 863 4625 δοῦλοι
905 4570 1248 4640 ἀνθρώπων.
1284 4574 1583 4636 Ἕκαστος
1604 4574 1671 4625 ἐν
1690 4566 1737 4637 ᾧ

1852 4570 1895 4621 in
1918 4585 1976 4621 eo
2008 4567 2063 4620 in
2089 4583 2189 4637 quo
2215 4576 2424 4619 vocatus
2450 4574 2548 4628 est,
2586 4570 2799 4633 fratres,
2822 4564 2873 4615 iu
2908 4563 3001 4614 hoc
3050 4570 3263 4613 maneat
3299 4559 3440 4626 apud

158 4665 411 4731 ἐκλήθη.
431 4663 708 4729 ἀδελφοὶ,
730 4662 800 4714 ἐν
827 4663 1017 4726 τούτῳ
1041 4660 1268 4729 μενέτω
1300 4663 1457 4728 παρὰ
1484 4660 1561 4726 τῷ
1592 4660 1734 4725 Θεῷ.

230 4756 401 4809 Πάλιν
424 4758 456 4823 ἡ
494 4755 631 4824 αὕτη
661 4753 964 4823 συμϐουλὴ,
1006 4754 1067 4805 τὸ
1098 4755 1156 4805 ἐν
1186 4754 1296 4814 τοῖς
1345 4753 1528 4815 αὐτοῖς
1591 4749 1749 4812 εἶναι.

164 4851 220 4900 ἐν
248 4844 328 4909 οἷς
349 4848 553 4916 ἐκζιήθη
588 4864 689 4909 τις.
716 4847 778 4898 Εἰ
807 4845 991 4906 δοῦλος
1028 4843 1101 4897 ὢν
1136 4845 1395 4916 ἐκλήθης,
1455 4847 1530 4913 μὴ
1586 4845 1749 4915 θορυ-

163 4940 281 5002 εοῦ,
318 4940 379 4991 οὐ
413 4937 733 5007 λυμαίνεται
772 4938 908 5007 πρὸς
932 4936 1027 5006 τὴν
1055 4936 1237 4987 πίστιν
1270 4938 1302 5005 ἡ
1342 4935 1575 4989 δουλεία.
1648 4938 1754 4987 Καὶ

161 5030 417 5083 τοσοῦτον
438 5030 498 5080 οὐ
519 5029 863 5098 λυμαίνεται,
897 5028 980 5081 ὅτι
1012 5029 1059 5080 εί
1088 5030 1179 5080 καὶ
1197 5027 1426 5081 δύνασαι
1456 5028 1750 5099 ἐλευθερω-

164 5126 343 5191 ῧῆναι,
397 5121 598 5190 μᾶλλον
653 5123 757 5193 χρή
821 5138 877 5173 σε
920 5121 1212 5175 δουλεύειν.
1264 5121 1452 5183 Οὕτως
1493 5121 1612 5173 οὑδέ
1673 5115 1749 5182 εἷς

165 5214 315 5265 ἒτται
342 5229 424 5263 σοι
466 5213 528 5263 ἐκ
577 5210 676 5279 τῆς
708 5212 952 5275 δουλείας
1005 5212 1362 5283 ἐμποδισμὸς.
1386 5242 1451 5250 —
1492 5213 1749 5275 Ἄλλως.

167 5302 369 5375 [14112]
396 5304 514 5355 Ἱνα
541 5302 617 5372 μὴ
644 5305 755 5365 τοῖς
785 5304 995 5366 δούλοις
1024 5305 1277 5374 ἐμπόδιον
1306 5303 1442 5373 πρὸς
1472 5304 1570 5374 τὴν
1612 5304 1756 5356 εὐσέ-

170 5397 319 5447 ϐειαν
353 5397 384 5464 ἡ
414 5394 627 5445 δουλεία
653 5396 904 5464 νομισθῇ,
938 5396 1235 5466 διαρρήδην
1266 5396 1450 5464 φησὶν,
1485 5397 1565 5448 ὅτι
1598 5398 1754 5449 τοῦτο

169 5484 417 5538 τοσοῦτον
435 5485 627 5553 ἀπέχει
650 5486 741 5537 τοῦ
757 5486 1004 5555 ἐμποδὼν
1023 5485 1179 5549 εἶναι,
1196 5486 1335 5539 ὥστε
1373 5486 1493 5538 οὐδὲ
1515 5489 1573 5538 ἐν
1592 5504 1752 5558 φρον-

173 5575 431 5632 τίδιεῖναι
478 5578 558 5629 δεῖ
598 5581 726 5647 περὶ
768 5579 959 5647 αὐτῆς.
991 5597 1009 5629 ι
1038 5578 1131 5648 Μὴ
1186 5578 1297 5649 γὰρ
1341 5578 1551 5647 μελέτω
1593 5596 1733 5640 om,»

175 5669 495 5742 φησὶν,ἀλλ’
536 5671 585 5722 εἰ
645 5672 739 5724 καί
785 5671 1013 5725 δύνασαι
1064 5672 1153 5725 διά
1184 5689 1330 5735 τινος
1373 5672 1610 5743 σπουδῆς
1657 5672 1748 5725 καὶ

280 5856 327 5887 ’⁸
366 5853 658 5921 ϐεη.ιιγ,
698 5852 982 5921 25;Rom.
1023 5869 1100 5919 Ix,
1140 5853 1218 5907 l0.

1858 4660 2048 4713 Deum.

1924 4752 2070 4805 Idem
2110 4765 2300 4804 rursus
2324 4747 2617 4803 consilium
2653 4755 2758 4811 est,
2794 4762 2993 4815 nempe
3022 4755 3080 4799 ut
3105 4746 3156 4799 in
3184 4747 3250 4799 iis
3282 4746 3434 4815 quis--

1853 4858 1959 4912 que
1994 4850 2311 4912 permaneat
2362 4844 2416 4894 iu
2494 4840 2697 4909 quibus
2759 4851 2987 4892 vocatus
3042 4850 3143 4893 est.
3207 4838 3260 4892 Si
3315 4853 3440 4890 cum

1853 4949 2047 4987 Servus
2071 4948 2222 4987 esses
2256 4943 2481 4987 vocatus
2515 4948 2593 4992 cs,
2625 4946 2692 4983 ue
2718 4930 2963 4983 turberis
2990 4947 3000 4980 :
3037 4946 3143 4981 non
3172 4928 3345 4982 allicit
3374 4929 3439 4980 ad

1855 5024 2014 5077 [idem
2056 5025 2313 5085 servitus,
2366 5022 2612 5088 adeoque
2663 5036 2771 5073 non
2839 5018 3005 5071 ollicit
3060 5029 3120 5072 ut
3170 5018 3333 5071 etiam
3395 5016 3443 5071 si

1854 5130 2041 5183 posses
2075 5114 2190 5167 ﬁeri
2218 5115 2377 5175 liber,
2410 5114 2581 5181 magis
2608 5111 2865 5180 expediat
2920 5109 3021 5161 tibi
3071 5109 3299 5161 servire.
3361 5107 3441 5160 lta

1856 5208 2064 5260 nullum
2142 5208 2240 5259 tibi
2299 5206 2588 5275 proveniet
2649 5219 2679 5257 e
2736 5203 3002 5257 servitute
3067 5202 3438 5270 impedimen-

1855 5308 1992 5353 tum.
2025 5330 2093 5339 —
2125 5299 2311 5351 Aliud.
2372 5299 2448 5351 Ne
2484 5297 2660 5351 servis
2708 5293 3136 5348 existimeturud
3182 5292 3441 5359 pietatem

1852 5392 2198 5447 obstaculqu
2230 5406 2349 5444 esse
2376 5390 2636 5453 servitus,
2667 5389 2865 5456 palam,
2896 5387 3094 5454 inquit,
3149 5394 3235 5438 est
3289 5383 3440 5452 quod

1857 5485 1961 5541 hoc
1998 5488 2134 5540 adeo
2188 5500 2295 5539 non
2346 5492 2567 5553 prastat
2631 5481 3113 5550 impedimentum,
3173 5486 3440 5543 utueque

1857 5583 2021 5651 hujus
2046 5595 2229 5633 curam
2256 5579 2459 5633 habere
2499 5584 2770 5647 oporteat,
2820 5573 2899 5627 ait
2946 5573 3133 5627 enim:
3178 5587 3195 5620 ι
3237 5569 3314 5623 Νε
3369 5570 3440 5623 sit

1862 5674 1961 5727 tibi
1996 5686 2186 5737 cum;
2223 5689 2239 5722 ι
2287 5671 2592 5740 quinetiam
2618 5670 2664 5723 si
2694 5676 2852 5738 potes
2892 5665 3077 5735 aliquo
3134 5661 3318 5717 studio
3374 5674 3439 5713 ac
