4194 6468
764 398 871 460 735

1823 390 2226 453 (ECUMENII
2266 390 2563 451 TRICC/E
2604 389 2950 450 EPISCOPI

3923 390 4038 454 736

765 530 898 569 cura
929 513 1044 568 lieri
1067 513 1210 568 liber
1241 533 1254 565 :
1277 512 1398 568 sine
1420 511 1547 578 hoc,
1571 518 1626 566 et
1643 510 1830 582 potius
1852 519 2009 565 utere
2032 509 2300 564 servitute
2327 526 2342 563 :

2459 509 2770 579 ἐπιμελείας
2804 507 3088 579 ἐλεύθερος
3116 503 3397 574 γενέσθαι,
3459 504 3522 558 ἔα
3577 504 3736 559 τοῦτο
3800 504 3896 559 καὶ
3936 506 4039 558 κά-

764 615 822 661 et
856 621 1034 676 neque
1067 607 1141 660 ita
1173 605 1228 660 in
1256 605 1368 659 ullo
1391 603 1504 660 eris
1525 603 1707 658 minor
1733 604 1958 658 domino
1987 621 2002 658 :
2030 603 2340 659 communis

763 697 912 752 enim
940 696 1145 751 domini
1176 695 1410 749 libertus
1461 711 1523 749 es
1569 695 1711 749 sicut
1756 702 1814 749 et
1877 694 1989 750 ille.
2054 693 2338 764 Siquidem

766 786 1077 841 communis
1105 785 1324 840 Domini
1358 800 1552 840 servus
1577 799 1637 839 es
1663 785 1807 840 sicut
1850 795 1904 839 et
1947 786 2038 839 ille
2090 800 2342 840 rursum-

766 879 1117 948 quelibertus
1150 879 1294 933 sicut
1319 879 1430 932 ille.
1461 877 1603 944 Quid
1655 894 1786 949 ergo
1823 894 2012 933 curam
2073 879 2220 950 geris
2271 877 2340 932 de

765 969 1036 1038 corporali
1064 970 1352 1032 servitute,
1378 985 1502 1039 quas
1543 985 1722 1040 neque
1773 977 1824 1023 te
1856 968 2133 1032 diminuit,
2163 984 2340 1038 neque

762 1061 814 1116 ei
839 1061 928 1114 cui
961 1061 1200 1115 servitur
1259 1046 1435 1132 majus
1466 1063 1744 1132 quidpiam
1765 1062 1920 1118 addit
1950 1061 2082 1118 :sed
2129 1070 2343 1116 utrum-

761 1167 871 1220 que
933 1153 998 1206 ad
1037 1152 1268 1222 aequalia
1312 1154 1695 1223 consequenda
1737 1155 1962 1225 praemia
1993 1155 2130 1210 nihil
2153 1156 2340 1211 ollicit.

770 1263 790 1296 ί
819 1243 954 1298 Nam
993 1245 1090 1314 qui
1130 1245 1185 1299 in
1219 1246 1449 1300 Domino
1484 1255 1711 1300 vocatus
1762 1256 1846 1302 est
1882 1262 2093 1303 servus.
2131 1266 2149 1299 ι
2179 1247 2342 1320 483

762 1335 822 1390 In
861 1335 960 1407 iis,
989 1337 1204 1406 inquit,
1243 1331 1364 1407 qua:
1402 1336 1688 1392 Christum
1724 1349 2071 1398 concernunt
2107 1341 2344 1409 aequales

761 1428 897 1482 estis
917 1437 972 1482 tu
1006 1438 1242 1506 tuusque
1296 1430 1576 1485 dominus.

835 1519 970 1573 Nam
1003 1530 1059 1574 et
1088 1521 1177 1574 ille
1213 1520 1418 1576 Christi
1445 1539 1638 1577 servus
1681 1533 1798 1577 est:
1855 1524 1990 1593 quin
2047 1525 2231 1594 potius
2289 1535 2346 1580 tu

763 1610 996 1666 fortasse
1018 1614 1141 1682 plus
1172 1613 1364 1676 habes,
1395 1615 1596 1670 Christi
1633 1616 1779 1670 enim
1801 1617 2040 1673 libertus
2057 1634 2134 1681 es,
2171 1618 2348 1688 siqui-

766 1704 888 1757 dem
941 1704 1059 1773 ipse
1113 1714 1165 1760 te
1211 1705 1359 1760 omni
1408 1707 1681 1775 spirituali
1737 1708 2002 1762 servitute
2069 1709 2342 1762 liberavit.

771 1795 978 1850 Tamen
1047 1813 1113 1851 ex
1164 1813 1357 1852 vocum
1424 1799 1757 1852 abundantia
1813 1800 1931 1853 vult
1973 1799 2341 1868 aequalitatem

771 1891 1064 1945 ostendere
1087 1893 1231 1946 servi
1264 1900 1319 1946 et
1347 1891 1552 1946 domini
1585 1911 1598 1957 ;
1642 1894 1898 1962 quoniam
1954 1894 2349 1949 omnesliberti

770 1998 960 2038 Sumus
985 1983 1213 2047 Christi,
1247 1986 1551 2038 secundum
1578 1987 1724 2054 quod
1756 2002 1854 2039 nos
1913 1988 2168 2040 liberavit
2193 2002 2223 2041 a
2273 1998 2352 2057 ty-

771 2071 1001 2126 rannide
1032 2073 1279 2138 Satanar;
1313 2083 1368 2127 et
1407 2075 1551 2128 servi
1603 2075 1807 2129 Christi
1845 2093 1857 2129 :
1905 2093 2030 2130 nam
2076 2094 2200 2132 cum
2251 2092 2353 2130 nos

768 2162 1102 2216 reddidisset
1161 2162 1288 2216 inde
1337 2163 1560 2228 liberos,
1607 2167 1709 2218 suh
1765 2167 2049 2235 proprium
2128 2167 2355 2222 adduxit

772 2269 1018 2323 regnum.
1057 2273 1075 2305 ι
1115 2254 1298 2309 Pretio
1343 2255 1512 2324 empti
1565 2256 1718 2318 estis,
1760 2275 1776 2306 ι
1840 2275 2035 2327 ιιριιψθ
2087 2264 2354 2331 sanguine

769 2345 1046 2416 Unigeniti
1092 2348 1264 2417 ipsius
1284 2366 1298 2413 ;
1318 2349 1452 2402 emit
1471 2350 1618 2402 enim
1648 2365 1748 2403 nos
1769 2351 1910 2404 Deus
1929 2361 1984 2404 et
2008 2352 2189 2407 Pater.
2229 2376 2247 2406 ι
2275 2356 2354 2410 Ne

769 2437 1082 2493 elliciamiui
1155 2439 1298 2493 servi
1383 2439 1751 2492 hominum.»
1828 2439 2092 2510 Superius
2173 2445 2352 2500 dixit:

778 2551 796 2582 ι
837 2531 1128 2597 Quoniam,
1171 2532 1214 2586 si
1253 2540 1410 2601 potes
1463 2530 1581 2584 ﬁeri
1637 2531 1795 2584 liber.
1859 2534 2042 2602 potius
2077 2545 2248 2592 .utere
2283 2557 2296 2603 ;
2331 2559 2348 2590 ι

773 2624 866 2680 hic
889 2635 1070 2678 aulem
1102 2624 1272 2679 dicit:
1318 2644 1335 2674 ι
1370 2625 1447 2678 Ne
1480 2624 1790 2679 ellieiamini
1819 2627 1960 2681 servi
1994 2628 2298 2685 hominum.
2333 2652 2351 2684 ι

771 2712 906 2766 Nam
951 2712 1051 2766 hoc
1081 2720 1136 2766 et
1161 2713 1356 2766 liberis
1389 2721 1607 2782 aptatur
1633 2717 1904 2771 etservis.
1943 2717 2046 2784 Qui
2084 2722 2230 2774 enim
2259 2721 2358 2775 do-

779 2806 930 2860 mino
969 2805 1135 2874 impia
1173 2815 1230 2861 et
1271 2807 1514 2862 absurda
1561 2810 1779 2879 jubenti
1840 2828 1950 2866 non
2010 2824 2189 2883 paret,
2243 2832 2358 2870 non

773 2893 1010 2948 ellicitur
1065 2911 1261 2950 servus
1316 2896 1624 2961 hominum,
1677 2901 1890 2956 etiamsi
1949 2903 2051 2957 sub
2106 2905 2237 2974 jugo
2288 2909 2356 2963 sit

773 2986 1059 3042 servitutis
1090 3005 1101 3039 :
1136 2988 1258 3042 talis
1293 2987 1396 3042 fuit
1431 2989 1654 3058 Jnseph.
1692 2990 1794 3057 Qui
1818 3008 1948 3047 vero
1985 3005 2208 3065 propter
2239 3014 2359 3051 mu-

772 3094 906 3132 nera
949 3087 1043 3132 aut
1073 3080 1282 3134 ventris
1323 3082 1716 3149 expletionem,
1774 3085 2090 3141 hominibus
2131 3104 2188 3142 se
2238 3091 2358 3143 sub-

2444 619 2615 674 χρησο
2640 601 2844 672 μᾶλλον
2874 603 2942 670 τῇ
2970 596 3205 670 δουλείᾳ.
3223 597 3346 650 Οὐδ’
3371 596 3543 661 οὕτως
3580 596 3735 649 οὐδὲν
3769 594 4037 649 ἐλαττοῦ-

2446 713 2534 750 σαι
2564 695 2658 748 τοῦ
2693 693 2974 747 δεσπότου.
3017 690 3411 760 Ἀπελεύθερος
3440 688 3568 760 γὰρ,
3605 687 3795 758 ῶσπερ
3834 690 4036 742 κάκεῖ-

2443 804 2554 853 νος,
2571 787 2664 840 τοῦ
2692 785 2870 839 κοινοῦ
2889 787 2953 837 Δε
2964 784 3184 838 σπότου.
3203 781 3396 846 Δοῦλος
3423 783 3521 852 μὲν
3542 782 3654 852 γὰρ
3675 776 3724 834 εί
3738 781 3830 834 τοῦ
3849 781 4038 834 κοινοῦ

2444 881 2743 939 Δεσπότου.
2785 879 2975 946 ὥσπερ
3010 877 3282 942 κάκεῖνος,
3309 873 3403 929 καὶ
3433 873 3797 943 ἀπελεύθερος
3848 873 4038 936 πάλιν,

2445 973 2636 1045 ῶσπερ
2675 975 2900 1034 ἐκεῖνος.
2920 969 2986 1023 Τί
3019 967 3113 1024 οὖν
3150 985 3235 1022 σοι
3270 969 3370 1039 τῆς
3395 967 3711 1038 σωματικῆς
3745 965 3892 1035 μέλει
3915 965 4041 1018 δου-

2445 1065 2615 1132 λείας,
2644 1065 2741 1134 τῆς
2797 1065 2936 1134 μήτε
2972 1063 3032 1116 σὲ
3065 1061 3417 1130 ἐλαττούσης,
3470 1060 3608 1129 μήτε
3649 1057 3726 1127 τῷ
3777 1057 4040 1109 δουλευο-

2449 1159 2594 1231 μένῳ
2638 1158 2823 1229 μεῖζόν
2867 1174 2918 1211 τι
2959 1155 3367 1228 προστιθείσης,
3415 1153 3528 1207 ἀλλ’
3569 1151 3806 1222 ἑκάτερα
3864 1149 4040 1220 μηδὲν

2449 1253 2534 1315 είς
2556 1252 2615 1304 τὸ
2635 1253 2817 1320 τυχεῖν
2843 1250 2950 1302 τῶν
2970 1249 3102 1302 ίσων
3122 1245 3512 1318 παραϐλαπτού
3523 1261 3619 1314 σης
3641 1261 3654 1308 ;
3697 1262 3715 1294 ι
3753 1243 3812 1294 '0
3844 1242 3954 1309 γὰρ
3978 1244 4039 1291 ἐν

2447 1345 2640 1414 Κυρίῳ
2658 1341 2878 1410 κληθεὶς
2908 1340 3115 1403 δοῦλος.
3133 1359 3151 1391 ι
3189 1341 3277 1391 Ἐν
3301 1342 3416 1401 τοῖς
3432 1339 3575 1390 κατὰ
3595 1335 3854 1406 Χριστὸν,
3873 1334 4036 1401 φησι,

2454 1440 2794 1506 πράγμασιν,
2828 1435 2933 1487 ἴσοι
2971 1432 3116 1497 ἐστὲ,
3146 1434 3209 1486 σὺ
3240 1433 3331 1484 καὶ
3368 1434 3396 1484 ὁ
3417 1431 3730 1498 δεσπότηςὸ
3771 1428 3882 1490 σός.

2522 1530 2788 1589 Κάκεῖνος
2822 1528 2924 1597 γὰρ
2948 1526 3134 1590 δοῦλος
3189 1523 3428 1594 Χριστοῦ
3488 1525 3623 1575 ἐστι.
3680 1522 3751 1572 Συ
3777 1521 3835 1573 δὲ
3867 1521 4039 1587 τάχα,

2451 1620 2606 1690 φησὶ,
2644 1621 2738 1674 καὶ
2792 1619 2954 1672 πλέον
3017 1619 3184 1688 ἔχεις.
3239 1617 3626 1682 ’Λπελεύθερος
3675 1614 3782 1684 γὰρ
3817 1609 3867 1664 εἷ
3900 1614 4042 1680 Χρι-

2453 1714 2601 1765 στοῦ.
2653 1713 2823 1775 Αὐτὸς
2857 1713 2966 1780 γάρ
3012 1728 3069 1762 σε
3109 1711 3287 1778 πάσης
3325 1709 3523 1777 νοητῆς
3549 1708 3789 1768 δουλείας
3815 1704 4045 1774 ἠλευθέ·

2457 1820 2650 1873 ρωσεν.
2690 1804 2882 1872 Ὅμως
2915 1804 2980 1856 ἐκ
3013 1804 3111 1870 τῆς
3157 1801 3475 1872 περιουσίας
3516 1800 3622 1851 τῶν
3657 1798 3854 1864 λέξεων
3893 1796 4046 1848 θέλει

2457 1895 2625 1958 δεῖξαι
2675 1896 2736 1947 τὸ
2791 1896 2903 1947 ἴσον
2953 1893 3140 1948 δούλου
3190 1896 3283 1946 καὶ
3329 1893 3612 1955 δεσπότου,
3667 1891 3788 1945 ἐπεὶ
3842 1890 4048 1950 πάντες

2457 1990 2813 2059 ἀπελεύθεροί
2857 1990 2916 2042 τέ
2971 1991 3142 2059 ἐσμεν
3199 1988 3459 2058 Χριστοῦ,
3500 1988 3636 2040 καθὸ
3666 1984 4048 2056 ἠλευθέρωσεν

2457 2083 2604 2151 ἡμᾶς
2630 2083 2730 2149 τῆς
2756 2082 3073 2150 τυραννίδος
3105 2081 3200 2134 τοῦ
3251 2083 3486 2140 Σατανᾶ,
3539 2080 3632 2130 καὶ
3684 2077 3858 2129 δοῦλοι
3911 2078 4049 2145 Χρι-

2459 2172 2606 2233 στοῦ,
2654 2172 2843 2241 ἐπειδὴ
2878 2171 3088 2224 ἐκεῖθεν
3123 2169 3519 2240 ἐλευθερώσας,
3565 2167 3671 2220 ὑπὸ
3703 2167 3800 2235 τὴν
3833 2166 4050 2217 οἰκείαν

2457 2265 2628 2333 ἧγαγε
2688 2264 2984 2334 βασιλείαν.
3038 2282 3055 2314 ι
3092 2263 3271 2332 Τιμῆς
3333 2261 3697 2332 ἠγοράσθητε.
3741 2278 3758 2310 ι
3799 2256 3890 2327 Τῷ
3939 2258 4051 2326 γὰρ

2457 2354 2646 2422 αἵματι
2705 2355 2798 2405 τοῦ
2856 2355 3194 2420 Μονογενοῦς
3251 2355 3440 2417 αὐτοῦ,
3499 2353 3776 2422 ἠγόρασεν
3821 2351 3972 2418 ἡμᾶς
4019 2350 4049 2400 ὁ

2457 2445 2589 2507 Θεὸς
2610 2445 2702 2497 καὶ
2740 2447 2948 2518 Πατήρ.
2985 2464 3003 2497 ι
3040 2446 3130 2516 Μὴ
3170 2445 3383 2514 γίνεσθε
3435 2445 3612 2498 δοῦλοι
3653 2441 3982 2510 ἀνθρώπων.
4026 2459 4046 2492 s

2463 2541 2611 2592 'Avw
2654 2536 2823 2601 εἶπεν.
2863 2558 2880 2592 ι
2917 2539 3042 2591 Ἐὰν
3067 2539 3160 2592 καὶ
3185 2538 3410 2592 δύνασαι
3435 2537 3718 2606 ἐλεύθερος
3759 2535 4047 2603 γενέσθαι,

2463 2633 2663 2703 μᾶλλον
2705 2633 2929 2702 χρῆσαι·
2973 2651 2991 2683 ι
3029 2631 3265 2684 ἐνταῦθα
3298 2632 3354 2683 δὲ
3405 2631 3572 2698 λέγει,
3634 2649 3652 2680 ι
3683 2629 3772 2698 Μὴ
3827 2628 4048 2695 γίνεσθε

2458 2723 2634 2776 δοῦλοι
2667 2721 2994 2791 ἀνθρώπων.
3027 2740 3046 2773 ι
3089 2719 3260 2773 Τοῦτο
3290 2720 3400 2790 γὰρ
3431 2719 3684 2788 καὶπρὸς
3723 2716 4048 2786 ἐλευθέρους

2461 2814 2556 2866 καὶ
2623 2814 2761 2882 πρὸς
2820 2812 3039 2876 δούλους
3099 2812 3352 2882 ἁρμόζει.
3401 2813 3459 2865 '0
3511 2812 3621 2879 γὰρ
3668 2809 3745 2878 τῷ
3804 2807 4047 2875 δεσπότῃ

2461 2907 2638 2960 ἄτοπα
2669 2909 2767 2959 καὶ
2794 2906 2967 2976 ἀσεϐῆ
3002 2905 3348 2958 ἐπιτάττοντι
3383 2905 3458 2974 μὴ
3503 2905 3688 2964 εἴκων,
3732 2903 3794 2954 οὺ
3831 2903 4048 2968 γίνεται

2461 2998 2644 3061 δοῦλος
2697 2998 3025 3068 ἀνθρώπων,
3065 2998 3165 3050 κᾶν
3199 2998 3303 3050 ὑπὸ
3333 2995 3497 3064 ζυγὸν
3597 2994 3865 3054 δουλείας.
3919 2994 4050 3044 Τοι-

2464 3090 2620 3152 οῦτος
2669 3085 2737 3158 ἦν
2763 3091 2789 3141 ὁ
2817 3089 3037 3159 Ἰωσήφ.
3062 3089 3118 3141 ’0
3150 3089 3206 3142 δὲ
3228 3089 3316 3142 διὰ
3345 3089 3514 3158 δῶρα,
3542 3087 3574 3156 ἢ
3598 3085 4050 3157 γαστριμαργίαν

767 3166 891 3237 jicit
923 3167 989 3220 ad
1030 3167 1270 3222 absurda
1298 3169 1626 3234 ministeria,
1659 3186 1854 3228 servus
1900 3184 1985 3228 est
2044 3177 2352 3246 hominum,

2465 3184 2760 3253 ὑπουργῶν
2834 3183 3145 3253 ἀνθρώποις
3209 3184 3347 3253 πρὸς
3414 3183 3648 3244 ἀτόπους
3711 3181 4050 3248 ὑπηρεσίας,

775 3272 1105 3326 quamquam
1163 3259 1304 3314 liber
1357 3275 1479 3314 esse
1533 3262 1837 3318 videatur:
1897 3265 2040 3320 hanc
2094 3270 2354 3338 prohibet

773 3350 1122 3414 servitutem,
1160 3366 1270 3405 non
1317 3367 1437 3406 eam
1490 3369 1611 3422 quae
1655 3365 1916 3410 consueta
1964 3367 2050 3412 est
2087 3369 2143 3413 et
2199 3362 2356 3431 juxta

775 3441 925 3512 leges
945 3443 1231 3498 humanas.
1262 3444 1397 3499 Nam
1427 3445 1530 3500 hac
1560 3449 1832 3503 servitute
1885 3451 2191 3521 subjectum
2235 3469 2356 3510 esse

776 3541 834 3588 et
863 3533 1244 3598 obtemperare
1272 3537 1478 3606 ubique
1509 3539 1789 3595 admonet.

855 3646 966 3709 VII,
995 3646 1187 3703 25-28.
1223 3647 1302 3701 De
1333 3651 1626 3719 virginibus
1683 3661 1861 3708 autem
1897 3667 2218 3727 praeceptum
2247 3658 2357 3712 Do-

781 3737 910 3790 mini
944 3753 1048 3790 non
1076 3738 1258 3802 habeo,
1285 3741 1567 3794 consilium
1607 3751 1784 3796 tamen
1808 3747 1872 3798 do
1911 3758 2163 3817 tanquam
2206 3755 2358 3804 mise-

779 3829 1067 3882 ricordium
1105 3841 1413 3884 consecutus
1462 3851 1495 3885 a
1549 3833 1795 3896 Domino,
1833 3845 1890 3889 ut
1944 3854 2106 3892 essem
2157 3842 2353 3906 ﬁdelis.

779 3920 1023 3973 Arbitror
1037 3923 1197 3990 igitur
1213 3924 1306 3974 hoc
1322 3924 1514 3976 bonum
1542 3941 1651 3978 esse
1671 3926 1730 3978 ob
1751 3939 2058 3996 praesentem
2079 3936 2360 3989 necessita-

784 4023 908 4066 tem.
927 4013 1066 4066 Nam
1084 4016 1274 4066 bonum
1292 4025 1365 4067 est
1383 4018 1664 4070 bominisic
1683 4035 1811 4074 esse.
1836 4020 2098 4090 Alligatus
2111 4040 2162 4075 es
2181 4026 2356 4090 uxori,

781 4121 847 4158 ne
864 4121 1074 4175 quwras
1097 4106 1411 4162 solutionem
1437 4108 1673 4172 ,‘solutus
1702 4127 1754 4164 es
1783 4113 1847 4165 ab
1874 4129 2054 4172 uxore.
2074 4132 2137 4167 ne
2152 4132 2358 4184 quwras

778 4201 1346 4264 uxonm.Attamen,si
1371 4200 1588 4254 duxeris
1614 4218 1957 4268 uxoremmon
1973 4207 2220 4271 peccasti;
2241 4217 2288 4260 et
2313 4210 2360 4261 si

783 4293 1020 4360 nupserit
1059 4294 1225 4362 virgo,
1267 4309 1370 4345 non
1407 4295 1682 4362 peccavit:
1713 4295 2045 4365 afﬂictionem
2094 4306 2269 4352 tamen
2303 4300 2358 4353 in

782 4400 943 4437 carne
990 4385 1246 4437 habebunt
1289 4387 1606 4454 hujusmodi.
1639 4385 1748 4455 Ego
1803 4396 1972 4440 autem
2005 4391 2145 4443 vobis
2179 4409 2357 4460 parco.

852 4475 1121 4542 Quoniam
1145 4475 1212 4530 ad
1251 4477 1512 4541 maiorem
1542 4476 1691 4530 venit
1721 4476 2052 4542 doctrinam,
2084 4482 2240 4536 timet
2291 4483 2358 4536 il-

2463 3276 2646 3338 δοῦλός
2680 3278 2829 3329 ἐστιν
2886 3275 3212 3346 ἀνθρώπων,
3249 3276 3352 3328 κᾶν
3398 3273 3680 3344 ἐλεύθερος
3712 3267 3856 3325 εἶναι
3889 3272 4048 3339 δοκῇ.

2465 3365 2680 3431 Ταύτην
2723 3367 3062 3437 ἀπαγορεύει
3121 3367 3219 3437 τὴν
3272 3365 3540 3428 δουλείαν,
3589 3365 3649 3417 οὗ
3704 3363 3805 3433 τὴν
3838 3363 4050 3431 συνήθη

2465 3459 2559 3512 καὶ
2585 3460 3003 3529 νενομισμένην.
3051 3457 3268 3529 Ἐκείνῃ
3305 3458 3416 3527 γὰρ
3449 3459 3515 3527 τῇ
3551 3455 3768 3526 δουλεία
3802 3455 4052 3508 ὑποτάσ-

2467 3551 2656 3605 σεσθαι
2680 3552 2774 3605 καὶ
2803 3552 2973 3606 εῐκειν
3008 3550 3283 3622 πανταχοῦ
3310 3552 3584 3623 παραινεῖ.

2536 3665 2673 3732 Περὶ
2711 3665 2778 3718 δὲ
2826 3665 2944 3718 τῶν
2994 3664 3309 3732 παρθένων
3354 3661 3647 3732 ἐπιταγὴν
3675 3663 3900 3728 Κυρίου
3933 3662 4050 3712 οὐκ

2465 3755 2602 3825 ἔχω,
2636 3756 2876 3826 γνώμην
2895 3756 2961 3808 δὲ
2982 3756 3186 3824 δίδωμι
3221 3757 3294 3820 ὼς
3326 3755 3660 3822 ἠλεημένος
3685 3753 3800 3806 ὑπὸ
3825 3754 4055 3818 Κυρίου

2466 3849 2682 3914 πιστὸς
2718 3845 2887 3902 εἶναι.
2923 3845 3146 3915 Νομίζω
3167 3842 3280 3899 οὖν
3311 3846 3485 3899 τοῦτο
3515 3846 3706 3898 καλὸν
3731 3843 4055 3910 ὑπάρχειν,

2465 3941 2562 3994 διὰ
2589 3942 2703 4007 τὴν
2724 3937 3075 3994 ἐνεστῶσαν
3103 3937 3396 4006 ἀνάγκην,
3433 3937 3518 3990 ὅτι
3543 3937 3736 3989 καλὸν
3759 3935 4058 4001 ἀνθρώπῳ

2467 4031 2532 4084 τὸ
2559 4031 2747 4096 οὕτως
2774 4027 2948 4083 εἶναι.
2975 4029 3222 4082 Δέδεσαι
3245 4027 3505 4098 γυναικί,
3529 4027 3613 4097 μὴ
3642 4026 3797 4091 ζήτει
3825 4028 4020 4080 λύσιν
4041 4043 4054 4055 ·

2465 4122 2722 4174 λέλυσαι
2759 4121 2878 4174 ἀπὸ
2918 4121 3224 4190 γυναικός,
3267 4118 3352 4187 μὴ
3403 4117 3558 4187 ζήτει
3590 4119 3868 4186 γυναῖκα.
3911 4119 4057 4171 Ἐὰν

2465 4212 2534 4265 δὲ
2587 4212 2685 4265 καὶ
2742 4211 2960 4281 γήμῃς,
3002 4213 3114 4280 οὐχ
3176 4211 3450 4279 ἥμαρτες,
3494 4210 3591 4263 καί
3645 4210 3755 4262 ἐὰν
3794 4208 3957 4278 γήμῃ
4015 4211 4054 4275 ἠ

2467 4307 2784 4375 παρθένος,
2817 4305 2929 4371 οὐχ
2965 4303 3207 4370 ἥμαρτε.
3271 4305 3494 4370 Θλίψιν
3516 4301 3584 4354 δὲ
3622 4303 3692 4354 ἐν
3737 4301 3814 4368 τῇ
3869 4303 4056 4369 σαρκί

2465 4396 2718 4460 ἕξουσιν
2737 4398 2791 4449 οί
2817 4395 3090 4449 τοιοῦτοι.
3137 4393 3284 4464 Ἐγὼ
3311 4393 3379 4447 δὲ
3408 4392 3574 4462 ὑμῶν
3606 4392 3905 4462 φείδομαι.

2539 4489 2758 4560 Ἐπειδὴ
2813 4491 2892 4551 είς
2952 4489 3173 4558 μείζονα
3246 4487 3566 4556 φιλοσοφίαν
3633 4487 3876 4554 ἔρχεται,
3951 4503 4060 4552 φο-

782 4566 889 4620 lam
925 4581 1062 4635 pure
1097 4565 1370 4634 nudisque
1416 4566 1600 4620 verbis
1633 4565 1852 4636 jubere,
1910 4583 2098 4622 casum
2147 4571 2352 4626 veritus

2463 4583 2634 4634 δεῖται
2692 4581 2824 4634 αὐτὸ
2900 4580 3156 4648 καθαρῶς
3237 4579 3526 4642 ἐπιτάξαι,
3598 4577 3699 4646 τὴν
3747 4575 4057 4644 ἀποτυχίαν

782 4674 974 4712 eorum
1022 4657 1117 4726 qui
1157 4657 1610 4726 aggrederentur,
1666 4656 1876 4712 idcirco
1929 4674 2037 4711 non
2093 4669 2354 4729 tanquam

785 4759 1146 4819 praeceptum,
1207 4749 1302 4803 sed
1353 4750 1510 4819 quasi
1558 4751 1847 4804 consilium
1904 4751 2072 4805 tradit
2099 4753 2252 4805 illud.
2288 4785 2358 4796 —

785 4843 908 4896 ch
939 4852 1120 4894 autem
1147 4857 1266 4911 qua:
1283 4841 1352 4896 de
1383 4843 1689 4913 virginibus
1726 4854 1888 4904 sunt,
1913 4844 2233 4914 diligentius
2272 4847 2358 4900 in-

786 4944 1122 5002 terpretatus
1156 4943 1260 4998 est,
1309 4943 1368 4987 ut
1396 4937 1489 5004 qui
1527 4935 1741 5006 integro
1781 4938 2061 4992 volumine
2106 4940 2357 4993 exactius

788 5026 891 5077 hac
917 5025 984 5078 de
1019 5041 1076 5077 re
1106 5025 1454 5087 disseruerit,
1479 5036 1535 5080 et
1560 5027 1635 5080 ibi
1660 5029 2054 5083 animadverte.
2089 5032 2198 5099 Ego
2230 5047 2360 5086 vero

787 5134 910 5187 qua:
958 5117 1131 5186 gratia
1165 5117 1257 5170 Dei
1310 5126 1596 5172 assecutus
1651 5135 1771 5173 sum
1817 5123 2140 5190 conscripsi.
2197 5123 2363 5195 484

791 5231 808 5260 σ
848 5210 1129 5277 Tanquam
1165 5210 1598 5264 misericordiam
1630 5223 1960 5266 consecutus
1989 5230 2016 5266 a
2050 5215 2300 5273 Domino.
2341 5236 2357 5268 ι

787 5302 1240 5364 .‘llisericordiam,
1272 5301 1473 5370 inquit,
1511 5315 1841 5359 consecutus
1871 5315 1927 5359 ut
1959 5323 2134 5360 essem
2162 5308 2357 5372 ﬁdelis,

787 5403 918 5463 puta
975 5409 1151 5461 praeco
1196 5410 1292 5448 seu
1355 5395 1730 5461 concionator,
1789 5398 2056 5466 datorque
2120 5401 2357 5455 consilii.

793 5507 810 5536 ι
843 5487 1097 5541 Arbitror
1123 5487 1287 5556 igitur
1311 5488 1417 5542 hoc
1458 5488 1664 5542 bonum
1695 5506 1867 5544 esse.»
1905 5491 2036 5546 Vide
2070 5507 2200 5561 ergo
2221 5509 2363 5561 quo-

790 5579 952 5632 modo
979 5586 1246 5647 temperet
1273 5589 1601 5650 praeceptum
1629 5597 1694 5635 ex
1726 5584 2052 5637 necessitate
2079 5593 2356 5638 exortum.

795 5690 812 5721 ι
849 5671 1117 5733 Arbitror,
1162 5690 1179 5724 ι
1209 5671 1408 5740 inquit,
1444 5675 1738 5739 quidnam?
1761 5675 1905 5743 quod
1929 5675 2132 5729 bonum
2153 5677 2223 5730 sit
2244 5677 2363 5731 sine

802 5767 1063 5837 conjugio
1088 5784 1232 5828 esse.
1255 5777 1484 5838 propter
1507 5769 1856 5824 dililcultatcs
1893 5787 2013 5840 quzc
2041 5772 2092 5824 in
2124 5787 2190 5826 eo
2211 5780 2362 5835 sunt,

793 5856 1045 5929 malaque
1094 5859 1431 5929 nuptiarum.
1483 5879 1501 5914 ι
1562 5859 1634 5917 Ob
1687 5847 2013 5931 praesentem
2066 5863 2365 5920 necessita-

2460 4674 2570 4726 τῶν
2609 4673 2915 4743 μετιόντων(
2949 4671 3224 4733 δεδοικώς.
3263 4670 3360 4722 Διὰ
3393 4669 3552 4721 τοῦτο
3585 4669 3680 4735 οὐχ
3737 4665 3814 4727 ὠς
3863 4667 4058 4718 ἐπιτα-

2461 4769 2584 4838 γὴν,
2620 4768 2736 4821 ἀλλ’
2757 4767 2831 4830 ὼς
2863 4752 3172 4836 συμϐουλὴν
3202 4767 3384 4818 δίδωσι
3408 4791 3478 4804 -ι
3511 4760 3854 4836 [οικοΥΜ.]
3894 4763 3977 4813 ΤΞι
4001 4762 4055 4813 es

2465 4863 2593 4930 περὶ
2613 4861 2721 4914 τῶν
2773 4861 3056 4931 παρθένων
3094 4861 3218 4913 τάδε
3252 4857 3653 4928 ἐμμελέστερον
3673 4856 4051 4922 ἡρμήνευσε-ι,

2462 4953 2535 5014 ὡς
2568 4956 2625 5006 ἐν
2655 4953 2958 5022 μονοϐίὸὶῳ
2990 4953 3386 5022 ἀκριϐέστερον
3429 4949 3557 5016 περὶ
3616 4947 3806 4998 τούτου
3857 4946 4054 4997 διαλα-

2464 5045 2595 5106 ϐὼν,
2628 5045 2721 5097 καὶ
2751 5047 2867 5097 ἐκεῖ
2899 5046 3159 5112 πρόσχες.
3210 5041 3354 5108 Ἐγὼ
3376 5042 3430 5093 δέ
3465 5041 3533 5092 τὰ
3564 5041 3749 5108 χάριτι
3781 5039 3922 5089 θεοῦ
3955 5042 4055 5089 ἐπ-

2463 5132 2686 5185 ελθόντα
2721 5149 2808 5200 μοι
2840 5131 3075 5200 ἔγραψα.
3119 5149 3136 5182 ι
3171 5132 3257 5192 Ὠς
3281 5131 3583 5199 ἡλεημένος
3619 5129 3723 5182 ὑπὸ
3753 5129 3988 5197 Κυρίου.
4028 5149 4045 5178 ι

2476 5223 2828 5292 Ἡλεημὲνος,
2863 5224 3049 5293 φησὶν,
3093 5225 3171 5285 εἰς
3204 5223 3264 5275 τὸ
3303 5217 3439 5274 εἶναι
3473 5221 3681 5281 πιστὸς,
3716 5214 3828 5271 οἷον
3868 5219 4052 5289 κῆρυξ

2467 5316 2558 5367 καὶ
2609 5316 2974 5385 γνωμοδότης.
3039 5313 3306 5384 «Νομίζω
3363 5313 3454 5366 οῦν
3512 5312 3668 5364 τοῦτο
3726 5312 3892 5362 καλὸν
3950 5314 4054 5364 '31:-

2465 5407 2677 5476 ἄρχειν.
2711 5427 2730 5460 ι
2767 5408 2911 5474 Ὅρα
2939 5406 3102 5459 πάλιν
3136 5407 3252 5468 πῶς
3287 5407 3385 5472 τὴν
3408 5404 3736 5478 ἐξάνάγκης
3776 5405 4052 5473 ἐπιταγὴν

2468 5497 2708 5561 κολάζει.
2738 5516 2756 5548 ι
2791 5497 3038 5565 Νομίζω,
3075 5515 3093 5546 ι
3132 5496 3284 5563 φησί.
3323 5496 3387 5548 Τί
3419 5513 3432 5559 ;
3463 5495 3582 5546 Ὀτι
3635 5494 3802 5546 καλὸν
3825 5492 3882 5544 τδ
3920 5495 4050 5546 ἄνευ

2467 5591 2648 5659 γάμου
2679 5587 2842 5652 εἶναι,
2878 5590 2963 5643 διὰ
2993 5591 3090 5650 τὰς
3121 5592 3178 5642 ἐν
3209 5588 3359 5657 αὐτῷ
3388 5587 3695 5650 δυσκολίας,
3732 5587 3825 5639 καὶ
3849 5587 3918 5638 τὰ
3956 5587 4050 5639 τοῦ

2466 5683 2648 5752 γάμου
2671 5683 2838 5736 κακά.
2871 5701 2888 5733 ι
2921 5681 3019 5734 Διᾶ
3050 5681 3148 5751 τὴν
3180 5680 3486 5733 ἐνεστῶσαν
3507 5680 3774 5748 ἀνάγκην.
3793 5698 3809 5728 ι
3828 5681 4051 5732 -Ἀλο

2465 5772 2836 5846 .ίως.[ΦΩΤ.]
2891 5775 2996 5826 Τὸν
3030 5773 3271 5843 διωγμὸν
3300 5769 3452 5841 οἶμαι
3504 5771 3682 5840 λέγειν
3735 5771 3897 5823 αὐτὴν
3958 5773 4048 5822 ἐν-

2468 5867 2662 5937 ταῦθα,
2686 5867 2777 5922 τὸν
2805 5867 2914 5923 ἀπὸ
2943 5869 3050 5922 τῶν
3081 5865 3324 5922 ἀπίστων
3357 5865 3466 5930 τοῖς
3512 5866 3720 5928 πιστοῖς
3754 5875 4045 5916 astuta-
