4194 6468
146 357 250 421 737

1066 362 1453 423 (ΣΟΜΜΕΝΤ.
1499 364 1579 424 ΙΝ
1615 364 1855 427 EPIST.
1902 368 1927 426 Ι
1965 370 2062 429 AD
2092 371 2459 437 COBINTH.

3309 383 3417 446 738

144 466 399 536 νόμενον,
458 467 552 520 καὶ
597 469 695 531 τάς
748 468 913 534 ἄλλας
959 470 1226 542 ἐπηρείας
1283 471 1379 525 καὶ
1437 471 1720 536 κακώσεις,

1841 483 1970 530 tem.
2020 496 2036 526 ι
2075 477 2256 532 Aliud.
2284 478 2492 548 Opinor
2522 495 2647 535 eum
2686 482 2789 537 hoc
2820 482 2943 538 loco
2971 488 3413 554 persecutionem

140 556 207 619 ἃς
249 556 542 625 ὑπέμενον.
575 558 747 611 Τοῦτο
784 558 891 630 γάρ
920 559 1213 614 ἀκόλουθον
1244 561 1549 617 ἐνεστῶσαν
1596 566 1731 619 ἀνά-

141 668 287 719 γκην
313 651 477 703 αὑτὸν
514 650 720 705 καλεῖν.
754 652 974 720 Ἐπειδὴ
1020 655 1124 724 γάρ
1159 653 1484 725 παραίνεσιν
1510 657 1722 726 ὑψηλὴν

141 745 235 795 καὶ
261 743 510 811 μεγάλην
535 742 768 814 ὴθέλησε
798 746 1153 813 ποιήσασθαι,
1190 746 1327 814 μετὰ
1356 750 1731 817 περιστάσεως

140 834 321 896 ἔδοξεν
377 836 549 904 αὐτὴν
594 838 858 904 εἰσάγειν.
910 836 1111 903 Καλὸν,
1162 840 1346 907 φησὶν,
1377 841 1409 909 ὴ
1443 839 1725 910 παρθενία,

139 930 234 981 καὶ
303 930 394 983 διὰ
458 932 557 1001 τὴν
615 931 918 984 ἐνεστῶσαν
989 932 1095 982 τῶν
1160 931 1477 1001 πειρασμῶν
1537 933 1729 1000 φοράν.

150 1021 313 1093 Ῥᾷον
345 1026 458 1094 γάρ
486 1024 580 1077 καὶ
612 1025 964 1095 ἁκοπώτερον
994 1023 1200 1095 ταύτην
1247 1027 1487 1096 οἴσομεν,
1534 1026 1567 1095 ἢ
1628 1042 1728 1093 γυ-

138 1118 336 1178 ναῖκας
374 1115 470 1169 καὶ
496 1117 662 1170 τέκνα
696 1119 752 1169 έν
779 1116 1039 1185 διωγμοῖς
1071 1117 1164 1169 καὶ
1196 1117 1419 1185 μυρίαις
1450 1117 1726 1169 ταλαιπωο

141 1208 288 1275 ρίαις
345 1210 801 1277 συνεπαγόμενοι.
880 1208 1408 1279 Καταμεριζομένης
1486 1210 1594 1279 γὰρ
1649 1210 1727 1274 εἰς

140 1300 312 1353 πολλά
344 1300 492 1368 πάθη
544 1301 639 1361 τῆς
666 1302 865 1370 ψυχῆς,
903 1303 961 1354 ὲν
994 1304 1251 1373 ἀφορήτῳ
1300 1302 1454 1372 κακῷ
1511 1306 1726 1376 ἀνάγκη

80 1436 83 1437 ν
140 1391 659 1460 καταϐαπτισοῆναι
696 1392 787 1444 τὸν
824 1392 1112 1461 ἄνθρωπον
1138 1409 1151 1422 ·
1181 1394 1340 1463 μόνον
1368 1396 1421 1446 δὲ
1453 1395 1603 1459 ὄντα,
1632 1398 1727 1449 καὶ

138 1486 247 1545 τοῖς
280 1484 491 1552 ἐτέρων
528 1484 727 1537 πάθεσι
758 1487 830 1555 μὴ
854 1486 1349 1556 κατατεμνόμενον,
1381 1488 1603 1557 εὐχερὲς
1627 1490 1727 1559 τῆς

137 1576 243 1626 τῶν
280 1576 474 1629 κακῶν
507 1577 911 1646 ὐπερανασχεῖν
961 1579 1278 1648 τρικυμίας.
1338 1573 1468 1632 Εἶτα
1517 1580 1605 1634 ἵνα
1651 1582 1724 1652 μή

137 1686 216 1731 τις
270 1671 445 1742 εἴπῃ·
482 1670 691 1723 Οὐκοῦν
763 1671 857 1725 καὶ
899 1672 927 1722 ὁ
982 1671 1194 1738 φθάσας
1251 1674 1414 1742 γάμῳ
1467 1674 1725 1743 κοινωνῆ-

140 1779 249 1825 σαι,
293 1763 525 1831 ἄμεινον
587 1764 805 1832 ποιήσει
863 1763 1006 1816 λύων
1057 1764 1149 1815 τὸν
1204 1765 1405 1833 γάμον,
1453 1765 1720 1831 ἐπήγαγε,

135 1853 218 1923 Μὴ
278 1855 512 1919 γένοιτο.
590 1854 764 1906 Τοῦτο
866 1855 975 1924 γάρ
1060 1854 1212 1925 δηλοῖ
1254 1855 1341 1908 διὰ
1383 1856 1476 1908 τοῦ
1523 1856 1719 1918 εἰπεῖν,

141 1960 157 1994 ι
191 1944 419 1996 Δέδεσαι
450 1944 690 2009 γυναικὶ,
730 1943 804 2012 μὴ
848 1942 1001 2012 ζήτει
1030 1941 1204 1997 λύσιν.
1245 1962 1264 1995 ι
1324 1943 1465 1995 Ἀλλ’
1510 1942 1720 2013 ὥσπερ,

139 2036 316 2102 φησὶν,
348 2036 382 2087 ὁ
409 2034 693 2103 δεδεμένος
731 2034 831 2087 οὐκ
875 2034 1084 2101 ὀφείλει
1116 2033 1269 2087 λύσιν
1304 2032 1509 2103 ζητεῖν,
1545 2032 1720 2097 οὕτως

135 2128 245 2179 οὐδὲ
282 2129 311 2180 δ
372 2126 665 2195 λελυμένος
697 2124 897 2193 δεσμὸν
932 2123 1112 2193 ἐαυτῷ
1158 2122 1363 2186 ὀφείλει
1425 2126 1715 2193 περινοεῖν.

136 2217 203 2270 τὸ
243 2217 322 2280 δὲ,
392 2236 409 2267 ι
439 2217 703 2281 Λέλυσαι,
733 2232 755 2266 ι
806 2215 969 2285 διχῶς
1024 2214 1172 2266 ἐστιν
1226 2213 1496 2276 ἐκλαϐεῖν,
1555 2212 1587 2283 ἢ
1637 2213 1717 2264 ὃτι

134 2308 291 2364 Οἷιπω
311 2311 455 2373 ὅλως
484 2310 697 2380 ἐδέθης,
725 2310 757 2380 ἢ
787 2311 868 2362 ὅτι
921 2309 1116 2370 Δυθεὶς
1144 2307 1239 2376 ἀφ’
1277 2303 1338 2361 οὗ
1392 2306 1578 2376 ἑδέθης
1623 2307 1712 2359 δε-

136 2401 281 2471 σμοῦ,
305 2403 410 2454 οὐκ
441 2401 677 2471 ὀφείλεις
706 2401 849 2470 ἄλλῳ
884 2400 1141 2468 γυναικὸς
1182 2398 1369 2468 δεσμῷ
1405 2398 1567 2452 πάλιν
1591 2416 1714 2451 συν-

134 2494 370 2563 δεθίψαι.
440 2515 459 2546 ‹
494 2495 586 2561 Μὴ
640 2495 796 2564 ζήτει
856 2493 1034 2545 λύσιν.
1076 2510 1094 2543 ο
1158 2490 1379 2560 Ἐπειδὴ
1417 2486 1537 2543 εἷπε
1589 2492 1715 2560 περὶ

136 2587 451 2655 παρθενίας,
490 2586 746 2648 δεδοικὼς
778 2586 979 2648 αὐτοὺς
1029 2584 1105 2647 ὡς
1151 2585 1517 2655 ἀστηρίκτους
1554 2587 1627 2655 μή
1658 2603 1709 2639 τι

136 2675 491 2744 Θορυϐηθῶσι,
548 2676 829 2746 συντρέχει
887 2676 980 2727 τὸν
1021 2676 1218 2745 γάμον.
1261 2675 1485 2746 Συνᾲδει
1514 2675 1570 2728 δὲ
1601 2679 1713 2737 τοῖς

134 2769 234 2820 ἂνω
287 2768 621 2838 εἰρημένοις.
676 2768 846 2820 Λύσιν
895 2766 1004 2836 γὰρ
1064 2766 1321 2831 ἐνταῦθα,
1371 2768 1433 2820 οὺ
1487 2767 1588 2837 τὴν
1644 2768 1709 2820 ὲκ

138 2861 445 2929 συμφωνίας
499 2860 712 2930 άποχὴν
772 2860 870 2928 τῆς
936 2858 1135 2925 μίξεως
1188 2858 1362 2926 λέγει,
1420 2859 1559 2911 ἀλλὰ
1610 2858 1707 2927 τὴν

135 2954 269 3020 παρὰ
318 2952 546 3021 γνώμην
595 2953 688 3003 καὶ
739 2950 870 3004 ἄνευ
921 2951 1083 3018 λόγου
1135 2949 1413 3020 πορνείας,
1463 2950 1708 3002 διάλυσιν

134 3042 215 3095 τοῦ
246 3043 696 3112 συναλλάγματος
729 3057 745 3070 ⁸
782 3042 839 3095 τὸ
885 3042 961 3106 δὲ,
1015 3043 1266 3109 μένοντος
1297 3041 1392 3092 τοῦ
1438 3040 1706 3108 ἀνδρογύ-

1837 567 2049 632 dicere,
2090 586 2210 639 quae
2243 573 2312 626 ab
2350 572 2650 629 incredulis
2695 576 3087 631 intendebatur
3138 579 3414 647 fidelibus,

1835 668 2171 729 eaeterasque
2204 664 2617 731 persecutiones
2636 675 2693 717 et
2726 667 3055 722 afﬂictiones
3077 684 3215 738 quas
3244 673 3414 725 susti-

1832 753 2061 807 nebant.
2097 753 2231 807 Nam
2264 769 2609 824 consequens
2636 765 2756 809 erat
2783 767 2839 809 ut
2879 758 2984 812 ltoc
3011 768 3236 813 vocaret
3275 775 3415 829 prae-

1834 857 2049 899 sentem
2078 845 2487 900 necessitatem.
2519 847 2657 902 Cum
2682 849 2830 901 enim
2862 850 3150 904 sublimem
3180 870 3244 907 ac
3300 869 3415 905 ma-

1836 946 1997 999 gnam
2061 932 2332 985 voluisset
2374 934 2592 987 tradere
2647 936 3101 1004 admonitionem,
3145 942 3295 994 \‘lSUS
3327 955 3413 997 est

1835 1019 1982 1073 illam
2005 1038 2071 1074 ex
2096 1023 2360 1090 temporis
2386 1024 2801 1079 circumstantia
2829 1027 3124 1081 deducere.
3153 1028 3300 1082 Bona
3324 1048 3410 1086 ros

1835 1108 2032 1179 inquit.
2064 1122 2147 1166 est
2175 1112 2465 1181 virginitas
2496 1113 2566 1166 ob
2608 1125 2934 1183 priescnlem
2968 1133 3186 1186 quoque
3232 1119 3411 1173 afﬂic-

1834 1202 2044 1255 tionum
2080 1203 2365 1271 impetum.
2393 1205 2523 1257 Nam
2554 1204 2773 1259 facilius
2796 1214 2851 1259 et
2879 1207 2997 1259 sine
3023 1209 3411 1279 defatigatione

1832 1293 1980 1347 Itone
2024 1294 2287 1359 feremus,
2327 1310 2488 1364 quam
2545 1296 2589 1350 si
2624 1313 2824 1351 uxores
2869 1314 2933 1353 ac.
2971 1299 3110 1352 tilios
3136 1301 3189 1352 in
3226 1318 3413 1369 persc-

1830 1386 2171 1449 cutionibus,
2193 1387 2610 1457 innumerisque
2637 1390 2880 1444 miseriis
2918 1392 3207 1459 adjunctos
3239 1393 3409 1449 liabe-

1831 1493 2036 1531 remus.
2094 1479 2401 1547 Siquidem,
2431 1480 2606 1534 divisa
2640 1480 2695 1534 in
2734 1482 2919 1535 varios
2943 1484 3174 1538 allectus
3204 1486 3407 1550 anima,

1830 1580 2055 1619 necesse
2085 1575 2170 1618 est
2226 1574 2287 1619 ut
2318 1566 2482 1620 homo
2528 1568 2583 1620 in
2630 1570 2773 1623 malo
2819 1570 3151 1626 intolerabili
3190 1573 3408 1641 demer-

1829 1669 1990 1728 gatur
2033 1676 2045 1711 :
2090 1674 2216 1711 cum
2269 1667 2451 1713 tamen
2501 1659 2546 1713 si
2617 1662 2769 1714 solus
2813 1672 2979 1725 esset,
3028 1678 3131 1715 nec
3174 1664 3407 1718 aliorum

1829 1760 2052 1814 quoque
2092 1747 2608 1812 perturbationibus
2636 1750 3095 1816 contunderetur,
3128 1752 3286 1808 facile
3316 1771 3406 1808 es-

1828 1846 1911 1890 set
1941 1839 2209 1892 malorum
2241 1840 2476 1893 tolerare
2501 1842 2819 1910 procellam.
2844 1843 3046 1898 Deinde
3073 1861 3140 1899 ne
3160 1846 3285 1915 quis
3316 1847 3406 1900 di-

1828 1939 1917 1983 cat
1962 1946 1975 1981 2
2014 1930 2186 2001 Igitur
2236 1932 2403 1987 etiam
2439 1932 2485 1987 is
2513 1935 2606 2003 qui
2646 1950 2711 1988 eo
2736 1938 2990 2003 pervenit
3024 1951 3085 1991 ut
3129 1921 3405 2008 particeps

1820 2020 1931 2090 jam
1969 2021 2039 2073 sit
2070 2022 2333 2092 conjugii,
2360 2025 2557 2078 melius
2585 2025 2749 2079 faciet
2780 2028 2823 2080 si
2857 2029 3033 2083 solvat
3060 2024 3405 2099 eonjugium,

1822 2112 2562 2183 SubjungitzNequaquam;
2618 2116 2723 2170 hoc
2778 2119 2924 2171 enim
2971 2121 3401 2188 significatcum

1820 2204 2002 2259 dicit:
2050 2226 2067 2257 ι
2124 2207 2396 2277 Alligatus
2436 2224 2496 2263 es
2554 2210 2734 2276 uxori,
2782 2226 2851 2266 ne
2908 2228 3122 2281 quaras
3170 2216 3403 2270 solutio-

1819 2311 1967 2350 nem.
2006 2316 2024 2348 ι
2087 2296 2193 2351 Sed
2229 2299 2715 2367 quemadmodum,
2765 2302 2964 2372 inquit,
3026 2306 3117 2374 qui
3149 2307 3403 2376 alligatus

1815 2398 1900 2444 est
1929 2405 2039 2444 non
2072 2389 2237 2444 debet
2264 2407 2512 2458 quaerere
2550 2393 2904 2457 solutionem,
2938 2396 3011 2449 ita
3048 2396 3093 2450 is
3119 2398 3211 2466 qui
3247 2399 3401 2452 solu-

1817 2492 1907 2535 tus
1943 2492 2030 2535 est
2053 2496 2161 2534 non
2191 2480 2357 2535 debet
2403 2481 2508 2534 sibi
2546 2481 2646 2551 ipsi
2681 2483 2963 2538 Vinculum
2997 2486 3274 2541 adducere
3305 2498 3401 2544 aut

1816 2576 2181 2631 comminisci.
2216 2575 2370 2642 Quod
2404 2584 2586 2631 autem
2633 2577 2709 2630 ait
2746 2594 2758 2630 :
2798 2596 2814 2627 ι
2849 2577 3077 2633 Solutus
3115 2597 3195 2646 es,
3240 2601 3258 2633 ι
3297 2582 3401 2635 du-

1814 2670 2035 2741 pliciter
2090 2679 2271 2739 potest
2318 2670 2547 2740 intelligi
2583 2690 2595 2725 :
2632 2673 2715 2725 vel
2747 2672 2873 2741 quia
2920 2672 3165 2727 nondum
3199 2674 3399 2745 ligatus

1814 2778 2058 2831 unquam
2106 2762 2389 2827 fuisti,\'el
2422 2765 2549 2833 quia
2603 2765 2818 2818 solutus
2851 2781 2911 2819 es
2959 2782 2987 2819 a
3021 2765 3243 2821 vinculo
3286 2783 3397 2837 quo

1811 2857 2013 2926 ligatus
2042 2871 2166 2910 eras
2203 2874 2215 2909 :
2256 2872 2364 2910 non
2427 2856 2597 2910 debes
2650 2872 2782 2926 ergo
2817 2857 3013 2912 iterato
3053 2860 3242 2912 uxoris
3272 2860 3395 2912 vin-

1812 2948 1939 3002 culo
1966 2948 2235 3017 colligari.
2280 2968 2298 2998 ‹
2335 2949 2414 3003 Nc
2437 2965 2652 3018 quzeras
2674 2950 3030 3004 solutionem.
3121 2950 3391 3017 Quoniam

1813 3038 1879 3092 de
1902 3040 2215 3105 virginitate
2239 3039 2460 3094 loeutus
2490 3049 2643 3103 erat,
2680 3040 2887 3095 veritus
2908 3056 2975 3093 ne
3016 3040 3093 3094 illi
3134 3053 3391 3110 tanquam

136 3152 213 3186 νου
256 3135 639 3205 παρθενεύειν,
696 3134 882 3188 καλόν.
937 3152 953 3183 ι
992 3134 1119 3186 Ἐάν
1175 3133 1231 3184 δὲ
1284 3132 1376 3184 καὶ
1435 3133 1641 3203 γήμῃς.
1680 3153 1697 3184 ι

1816 3148 1921 3185 non
1952 3132 2093 3183 ﬁrmi
2126 3131 2180 3183 in
2228 3131 2413 3200 aliquo
2451 3132 2828 3193 turbarentur,
2859 3133 3022 3186 simul
3054 3134 3220 3187 etiam
3255 3149 3389 3187 con-

144 3226 563 3298 Ἐπιδιορθοῦται
594 3227 746 3286 αὐτὸ,
782 3224 842 3275 τὸ
874 3224 1099 3285 ἀσθενὲς
1122 3224 1231 3275 τῶν
1277 3222 1563 3292 ἀκροατῶν
1616 3223 1699 3275 δε-

138 3318 326 3383 δοικὼς,
355 3320 431 3382 ὡς
461 3322 519 3371 οὐ
550 3316 870 3386 χωρούντων
902 3316 997 3383 τὴν
1024 3315 1342 3383 παρθενίαν.

137 3424 274 3467 vocat
300 3412 703 3481 separationem
733 3423 761 3461 a
793 3408 1177 3461 commistione
1202 3414 1391 3457 mutuo
1423 3420 1696 3459 consensu
1737 3406 1932 3461 factam
1972 3425 1988 3460 :

1803 3224 2014 3294 jugium
2068 3224 2301 3289 inducit,
2354 3231 2409 3278 et
2442 3224 2803 3277 eonformiter
2852 3225 3091 3293 loquitur
3149 3226 3234 3278 his
3267 3241 3390 3294 qum

1811 3334 1977 3385 supra
2029 3317 2173 3370 dicta
2219 3324 2366 3369 sunt.
2402 3316 2537 3369 Nam
2592 3316 2921 3369 solutionem
2983 3317 3087 3370 hoc
3111 3317 3230 3370 loco
3279 3332 3388 3370 non

2034 3409 2128 3461 sed
2190 3418 2388 3476 praeter
2443 3407 2713 3461 consortis
2747 3409 3108 3475 voluntatem,
3149 3420 3204 3463 et
3278 3428 3385 3471 non

142 3506 519 3560 subexsistente
552 3518 714 3557 causa
766 3501 942 3569 stupri
979 3499 1216 3568 conjugii
1254 3499 1720 3557 dissolutionem;
1758 3506 1814 3551 at
1874 3500 2106 3551 durante
2168 3500 2429 3552 caelibatu
2485 3514 2707 3553 servare
2797 3501 3165 3569 virginitatem
3212 3504 3390 3557 hone-

137 3610 262 3652 stum
292 3612 391 3654 est.
432 3619 449 3651 ι
494 3601 746 3652 Attamen
777 3597 821 3650 si
844 3596 1069 3648 duxeris
1100 3608 1352 3653 uxorem,
1380 3608 1490 3645 non
1521 3592 1781 3660 peccasti.
1822 3612 1838 3643 ι
1868 3591 2106 3661 Corrigit
2134 3600 2189 3646 et
2213 3593 2468 3660 explanat
2520 3592 2665 3661 quod
2733 3591 2939 3645 dictum
3011 3604 3117 3660 est,
3182 3598 3388 3652 veritus

139 3698 431 3749 auditorum
481 3696 939 3756 imbecillitatem,
990 3702 1050 3744 ut
1099 3692 1193 3759 qui
1255 3705 1364 3742 non
1402 3690 1695 3758 capiebant
1735 3690 2131 3759 virginitatem.

201 3792 447 3854 Ἄλλως.
501 3785 701 3858 [ΦΩΤ.]
757 3787 850 3850 Τὸ,
895 3804 911 3835 ι
973 3785 1099 3838 Ἐάν
1125 3784 1179 3833 δὲ
1228 3787 1318 3834 καὶ
1368 3783 1699 3851 γήμῃς,ούχ

141 3883 415 3951 nupta,»
485 3880 582 3933 καὶ
634 3879 852 3945 ἑφεξῆς,
903 3879 1015 3939 τοῖς
1067 3878 1176 3929 ἂνω
1219 3874 1339 3927 καθ’
1395 3874 1699 3943 ὑπερϐατὸν

144 3973 465 4034 σνντακτέον,
529 3965 639 4022 οἷον
683 3987 695 3997 -
734 3969 910 4021 Καλὸν
940 3966 1214 4037 ἀνθρώπῳ
1239 3966 1301 4018 τὸ
1334 3965 1505 4028 οὕτως
1533 3961 1695 4018 εἷιαι.

153 4065 362 4117 eam:
415 4065 513 4117 καὶ
562 4064 748 4135 γήμῃς
805 4062 902 4130 οὐχ
961 4061 1234 4130 ἥμαρτες,
1292 4060 1385 4111 καὶ
1421 4058 1565 4126 ἑξῆς.
1624 4058 1698 4109 Οὐ

144 4156 234 4227 γὰρ
254 4159 329 4210 δεῖ
355 4160 648 4211 συνάπτειν
679 4156 811 4207 αὐτὸ
838 4154 938 4222 τῷ,
978 4174 994 4204 ι
1021 4154 1257 4205 Λέλυσαι
1280 4152 1388 4205 ἀπὸ
1422 4150 1697 4217 γυναικὸς,

150 4251 209 4319 μὴ
236 4251 377 4320 ζήτει
406 4253 665 4318 γυναῖκα.
700 4248 830 4299 Ἐὰν
859 4245 913 4297 δὲ
938 4247 1029 4297 καὶ
1050 4248 1237 4315 γήμῃς
1269 4244 1364 4313 οὐχ
1392 4244 1691 4312 ἥμαρτες,,

148 4338 341 4405 Πρῶτον
373 4342 471 4409 μὲν
513 4340 639 4406 γάρ,
695 4334 1056 4396 ἀνακόλουθος
1108 4335 1249 4386 οὕτω
1306 4332 1692 4401 λαμϐανομένη

147 4430 173 4495 ή
204 4433 381 4485 ἔννοια.
416 4433 480 4483 Τί
508 4430 617 4499 γὰρ
647 4429 725 4499 τῷ
752 4427 1095 4495 γεγαμηκότι
1135 4427 1234 4496 ἤδη
1267 4426 1359 4477 καὶ
1390 4423 1692 4477 διαλυθέντι

149 4523 389 4592 προσήκει
438 4524 644 4589 λέγειν,
690 4540 705 4565 σ
743 4519 870 4571 Ἐάν
921 4518 976 4570 δὲ
1031 4520 1126 4570 καὶ
1177 4518 1405 4585 γήμῃςς

150 4617 237 4686 γάρ
260 4620 363 4679 τοῖς
406 4619 578 4686 μήπω
623 4615 1001 4681 γεγαμηκόσιν
1041 4610 1315 4681 ἁρμόδιον.
1353 4609 1582 4661 Ἔπειτα
1615 4607 1691 4670 δὲ,

151 4713 227 4758 καὶ
283 4710 419 4776 μέγα
482 4708 633 4760 ἐστὶν
688 4706 1017 4774 ἁμάρτημα,
1081 4702 1386 4769 λυσάμενον
1442 4699 1551 4752 ἀπὸ
1599 4698 1698 4767 τῆς

152 4801 395 4863 γυναικὸς,
453 4798 624 4868 ἄλλην
689 4796 1022 4867 γήμασθαιι·
1089 4794 1230 4847 ὥστε
1301 4793 1401 4845 οὐκ
1458 4791 1694 4860 ἐγχωρεῖ

152 4888 294 4953 οὕτως
317 4893 547 4959 συνάψαι
576 4890 636 4942 τὸ
664 4888 888 4959 χωρίον,
929 4886 1041 4939 ἀλλ’
1062 4885 1136 4948 ὠς
1172 4885 1434 4955 πρότερον
1461 4884 1694 4952 εἴρηται.

156 4979 241 5031 Καὶ
276 4981 375 5053 γὰρ
417 4985 512 5035 καὶ
557 4982 661 5052 πρὸ
717 4981 899 5048 ὀλίγον
950 4979 1135 5046 φησὶν,
1174 4995 1191 5028 ι
1220 4976 1348 5029 Ἐάν
1386 4976 1441 5029 δὲ
1470 4974 1563 5046 καὶ
1592 4992 1697 5042 κως

159 5077 307 5143 ρισθῇ,
345 5078 551 5144 μενέτω
572 5077 803 5143 ἄγαμος.
841 5093 859 5125 ι
883 5074 983 5125 Διά
1017 5088 1073 5123 τε
1097 5070 1191 5123 οὖν
1219 5070 1284 5121 τὰ
1324 5068 1695 5139 προειρημένα

156 5164 231 5214 καὶ
263 5167 317 5217 τὸ
350 5167 441 5219 νῦν
470 5166 787 5234 είρημένον,
818 5165 905 5217 ἵνα
944 5162 1018 5233 μὴ
1055 5160 1270 5215 ἐναντία
1305 5159 1478 5229 ἑαυτῷ
1517 5159 1695 5225 λέγειν

156 5254 276 5326 δόξῃ,
321 5260 437 5311 καθ’
481 5258 789 5328 ὑπερϐατὸν
844 5256 1191 5309 συν-τακτέον.
1228 5255 1285 5306 Εἰ
1316 5253 1371 5306 δὲ
1406 5253 1484 5317 τὸ,
1528 5271 1545 5303 ι
1586 5250 1691 5302 Λέ-

155 5344 329 5413 λνσιι,ι
376 5352 492 5421 οὐχὶ
536 5351 669 5419 πρὸς
710 5352 834 5412 τοὺς
895 5347 1298 5415 συναφθέντας,
1346 5341 1463 5397 εἶτα
1512 5342 1693 5397 διαλυ-

159 5437 317 5504 θέντας
342 5445 613 5507 ἀκούσεις,
656 5443 769 5497 ἀλλ’
808 5441 996 5503 ἁπλῶς
1041 5442 1179 5510 πρὸς
1222 5440 1346 5499 τοὺς
1390 5437 1464 5507 μὴ
1505 5436 1691 5489 συνελ-

160 5527 317 5595 θίντας
344 5536 473 5598 δλως
502 5536 584 5596 εἰς
614 5536 794 5604 γάμου
828 5534 1134 5595 κοινωνίαν,
1185 5531 1320 5584 ἀλλὰ
1364 5529 1691 5599 λελυμένους

159 5618 288 5686 ὅντες
312 5626 400 5680 τοῦ
428 5626 671 5681 τοιούτου
715 5625 940 5695 δεσμοῦ,
985 5626 1220 5695 ἐγχωρεῖ
1247 5623 1340 5676 καὶ
1384 5622 1524 5675 κατὰ
1556 5620 1690 5673 πόδα

161 5714 472 5786 ἠσύνταξιςη
501 5721 610 5774 Καὶ
629 5720 724 5774 ἐὰν
744 5722 896 5791 γήμῃ
920 5720 952 5790 ἠ
978 5716 1268 5788 παρθένος,
1289 5716 1387 5787 οὐχ
1410 5715 1527 5786 ῆμα
1538 5731 1648 5785 ρτε.
1663 5730 1681 5763 ι

164 5804 391 5877 Παρθένον
418 5813 656 5869 ἐνταῦθά
688 5830 854 5885 φησιν
899 5812 958 5866 οὐ
989 5812 1087 5885 τὴν
1125 5810 1509 5882 ἁφιερωμένην
1541 5806 1682 5879 Θεῷ,

1873 3781 2038 3853 485
2067 3781 2246 3834 Aliud.
2276 3780 2429 3846 Quod
2463 3781 2688 3846 dicitur,
2729 3801 2746 3832 ι
2787 3785 3041 3837 Attamen
3073 3784 3117 3837 si
3163 3784 3385 3840 duxeris

1805 3889 2051 3933 uxorem.
2072 3890 2178 3927 non
2216 3875 2452 3943 peccasti
2489 3894 2506 3924 ι
2544 3884 2599 3929 et
2626 3886 2840 3937 caetera,
2874 3876 3257 3943 superioribus
3286 3893 3384 3945 per

1803 3967 2147 4036 hyperbaton
2186 3967 2565 4036 coniungenda
2619 3976 2770 4027 sunt,
2807 3976 2936 4035 puta
2975 3985 2987 4021 :
3056 3967 3263 4020 Bonum
3298 3976 3383 4021 est

1804 4058 2014 4112 homini
2058 4058 2137 4111 sic
2169 4073 2290 4111 esse
2329 4076 2341 4111 :
2378 4066 2620 4110 attamen
2657 4057 2701 4109 si
2730 4055 2953 4109 duxeris
2979 4070 3225 4119 uxorem,
3270 4071 3378 4110 non

1803 4152 2043 4223 peccasti
2072 4166 2085 4213 ;
2111 4165 2216 4204 etc.
2254 4165 2435 4217 neque
2491 4149 2637 4202 enim
2667 4149 2926 4216 conjungi
2964 4148 3125 4201 debet
3159 4164 3282 4201 cum
3314 4164 3380 4201 eo

1805 4246 1951 4313 quod
2006 4242 2214 4296 dicitur
2249 4260 2260 4295 :
2305 4260 2322 4291 ι
2362 4242 2589 4294 Solutus
2639 4257 2699 4295 es
2744 4241 2820 4293 ab
2845 4256 3035 4304 uxore,
3070 4256 3139 4293 ne
3168 4256 3380 4309 qua-ras

1804 4352 2051 4391 uxorem.
2079 4337 2334 4388 Attamen
2358 4333 2402 4387 si
2426 4332 2648 4387 duxeris
2668 4348 2917 4395 uxorem,
2950 4347 3059 4386 non
3081 4332 3371 4401 peccasti.»

1803 4429 2050 4482 Primum
2084 4428 2329 4497 quidem,
2383 4442 2493 4479 non
2532 4432 2681 4479 recte
2729 4424 3091 4492 consequitur
3124 4433 3379 4492 sumptus

1451 4534 1467 4566 ι
1528 4513 1698 4567 Ἱόὖτο
1731 4535 1775 4592 ι)
1805 4521 1909 4575 hoc
1948 4520 2111 4573 modo
2162 4520 2493 4572 intellectus.
2529 4517 2669 4582 Quid
2707 4516 2855 4569 enim
2885 4515 3145 4569 convenit
3183 4516 3234 4570 ei
3282 4517 3375 4584 qui

1797 4612 1908 4683 jam
1933 4612 2164 4664 duxerat
2191 4617 2246 4662 et
2279 4608 2495 4663 solutus
2516 4615 2599 4660 est
2632 4606 2817 4660 dicere
2843 4605 3159 4659 :cAttamen
3196 4609 3241 4659 si
3270 4606 3375 4659 du-

1802 4703 1948 4756 xeris
1973 4716 2200 4754 uxorem
2236 4701 2258 4753 ?
2290 4720 2306 4750 ι
2339 4699 2473 4753 Nam
2517 4698 2621 4752 hoc
2643 4698 2712 4751 iis
2736 4706 2954 4767 aptatur
2983 4698 3079 4766 qui
3128 4698 3374 4751 nondum

1801 4810 2028 4849 uxorem
2082 4794 2381 4848 duxerunt.
2413 4792 2620 4847 Deinde
2649 4806 2780 4845 vero
2807 4806 3062 4860 magnum
3098 4797 3184 4843 est
3241 4806 3375 4860 pec-

1803 4896 2008 4949 catum,
2040 4886 2086 4939 si
2124 4886 2170 4939 is
2201 4884 2292 4955 qui
2330 4884 2542 4938 solutus
2565 4893 2652 4937 est
2678 4882 2745 4935 ab
2779 4896 2954 4935 uxore
2996 4881 3160 4935 aliam
3186 4882 3369 4935 ducat.

1798 4978 1983 5046 Itaque
2009 4992 2117 5030 non
2155 4986 2335 5046 potest
2362 4991 2429 5029 eo
2456 4974 2619 5028 modo
2662 4973 2919 5045 conjungi
2960 4975 3250 5043 particula,
3277 4975 3372 5029 sed

1797 5073 1942 5125 sicut
1985 5070 2139 5141 prius
2164 5071 2367 5124 dictum
2413 5078 2518 5123 est.
2586 5069 2720 5122 Nam
2749 5075 2805 5121 et
2860 5067 3024 5136 paulo
3076 5076 3203 5120 ante
3249 5067 3368 5120 ait:

1805 5184 1823 5215 ι
1856 5164 2013 5230 Quod
2040 5164 2085 5219 si
2116 5164 2279 5218 etiam
2313 5170 2564 5230 separata
2598 5160 2788 5222 fuerit,
2829 5170 3046 5213 maneat
3069 5158 3319 5227 innupta.
3346 5178 3363 5209 ι

1796 5257 2030 5326 Propter
2070 5256 2159 5309 illa
2188 5255 2354 5323 igitur
2409 5270 2529 5323 qua:
2556 5254 2703 5307 dicta
2740 5260 2889 5314 sunt,
2939 5251 3104 5304 etiam
3132 5265 3372 5319 praesens

1796 5351 2055 5411 verbum,
2087 5363 2155 5401 ne
2184 5346 2289 5401 sibi
2322 5346 2596 5401 contraria
2619 5345 2805 5398 dicere
2837 5344 3114 5406 videatur,
3142 5358 3241 5408 per
3274 5343 3370 5413 hy-

1797 5442 2062 5512 perbaton
2110 5438 2553 5508 coniungendum
2601 5444 2705 5491 est.
2757 5435 2913 5500 Quod
2967 5434 3010 5487 si
3071 5432 3369 5487 dictionem

1802 5555 1821 5587 ι
1858 5533 2084 5589 Solutus
2134 5548 2216 5593 es.
2256 5550 2275 5582 ι
2302 5546 2410 5584 non
2441 5530 2507 5582 ad
2541 5543 2637 5582 eos
2668 5528 2763 5592 qui
2791 5526 3072 5596 conjuncti
3109 5526 3366 5587 fuerunt,

1793 5632 1852 5678 et
1880 5622 2079 5677 deinde
2107 5622 2274 5676 soluti
2305 5627 2460 5682 sunt,
2480 5617 2759 5681 retuleris,
2800 5616 2895 5671 sed
2928 5612 3253 5682 simpliciter
3297 5610 3366 5665 ad

1792 5731 1888 5772 eos
1903 5714 1996 5785 qui
2014 5715 2241 5768 omnino
2264 5727 2373 5767 non
2396 5716 2774 5767 convenerunt
2797 5708 2862 5761 ad
2887 5696 3386 5777 participationem

1792 5804 2059 5878 conjugii,
2082 5804 2179 5863 sed
2207 5806 2275 5862 ab
2302 5802 2617 5875 ltnjusmodi
2648 5800 2873 5855 vinculo
2912 5797 3075 5854 liberi
3106 5805 3162 5851 et
3199 5793 3365 5849 soluti
