4204 6464
773 398 879 463 739

1827 387 2229 450 (ECUMENII
2268 389 2560 452 TRICCE
2593 390 2935 453 EPISCOPI

3930 397 4050 457 ἨΟ

776 516 926 572 sunt,
976 506 1157 561 locum
1201 504 1368 561 habet
1399 517 1521 573 quae
1567 499 1751 556 statim
1782 515 1903 556 sese
1934 501 2100 556 oﬂert
2128 501 2349 555 ordina-

2476 502 2592 555 ἱλλὰ
2614 502 2712 573 τὴν
2742 504 2958 574 ἄγαμον
2998 503 3190 575 κόρην.
3235 504 3324 569 Ὠς
3363 506 3465 575 ἥγε
3500 505 3871 575 ἀφιερωθεῖσα
3897 505 4051 576 Θεῷ,

779 598 874 652 ιίο.
911 616 928 648 ι
968 597 1034 651 Et
1065 596 1112 651 si
1145 596 1393 665 nupserit
1417 593 1594 663 virgo,
1624 608 1733 646 non
1755 592 2355 662 peccavitiVirginem

778 692 882 744 hoe
909 691 1029 743 loco
1056 688 1291 755 appellat
1316 702 1428 740 non
1474 702 1593 741 eam
1625 702 1745 754 qua:
1778 685 1890 738 Deo
1916 696 2234 739 consecrata
2249 695 2358 751 est,

779 783 875 837 sed
920 782 1205 848 innuptam
1263 779 1523 847 puellam.
1555 778 1686 831 Nam
1723 792 1845 846 quae
1888 777 1999 830 Deo
2038 789 2359 833 consecrata

782 881 866 923 est
903 869 949 921 si
1001 867 1273 937 nupserit,
1305 867 1523 922 Christo
1551 867 1731 921 reddit
1758 868 2068 921 adulterum
2097 884 2223 921 eum
2267 868 2355 921 eui

782 962 962 1015 nubit.
1005 980 1023 1012 ι
1058 960 1428 1015 Alﬂictiouem
1455 967 1636 1014 tamen
1670 960 1722 1012 in
1759 974 1922 1012 carne
1946 958 2227 1013 habebunt
2250 959 2352 1013 hu-

778 1054 1043 1124 iusmodi.
1093 1072 1109 1103 ι
1150 1052 1251 1118 Qui
1290 1053 1725 1114 matrimonium,
1758 1051 1956 1118 inquit,
1996 1052 2355 1116 contrahunt,

783 1146 1131 1201 alﬂictionem
1172 1145 1457 1198 habebunt
1478 1145 1548 1197 ob
1578 1158 1843 1197 maerores
1869 1144 1961 1211 qui
2018 1143 2070 1196 in
2099 1145 2357 1214 conjugio

785 1249 931 1291 sunt.
988 1256 1005 1288 ι
1044 1238 1156 1305 Ego
1212 1246 1394 1291 autem
1430 1236 1587 1290 vobis
1638 1251 1824 1304 parco,
1864 1253 1881 1286 ι
1919 1244 2177 1303 tanquam
2211 1236 2357 1301 (iliis,

2462 595 2510 647 εἰ
2544 596 2717 666 γήμῃ,
2766 598 2950 666 μοιχὸν
2980 598 3232 667 ἐπιφέρει
3267 597 3345 667 τῷ
3378 598 3619 668 Χριστῷ,
3659 590 3703 664 ᾧ
3734 599 4055 669 νενύμφευ-

2463 705 2574 744 ται,
2635 707 2654 740 ε
2686 690 2874 758 ϐλίψιν
2915 690 2969 741 δὲ
3002 689 3182 753 ἕξουσι
3216 692 3279 760 τῇ
3314 692 3497 758 σαρκί.
3539 708 3557 741 ι
3608 692 3671 743 Οἱ
3710 690 4048 758 γαμοῦντες,

2463 778 2618 845 φησὶ,
2662 778 2841 849 ϐλίψιν
2877 779 3078 842 ἕξουσι,
3129 779 3216 832 διὰ
3262 778 3362 841 τὰς
3403 780 3461 830 ὲν
3511 780 3590 849 τῷ
3628 781 3793 850 γάμῳ
3841 779 4049 843 λύπας.

2470 888 2487 919 ι
2518 868 2661 936 Ἐγὼ
2691 871 2766 935 δὲ,
2794 871 2947 939 φησὶ,
2998 871 3252 940 φείδομαι
3301 871 3476 941 ὑμῶν,
3508 890 3527 923 ι
3572 872 3647 928 ὡς
3686 874 3922 938 ⁴τέκνων,
3957 874 4053 925 καὶ

2467 959 2729 1029 βούλομαι
2766 960 3084 1030 ἐλευθέρους
3131 957 3271 1014 εἶναι
3315 965 3408 1013 καὶ
3454 963 3717 1027 ἀλύπους.
3752 962 3907 1025 Τέως
3938 966 4053 1034 γὰρ

2464 1054 2522 1105 ὲν
2575 1055 2795 1121 δεσμοῖς
2837 1056 3155 1123 τυγχάνετε.
3213 1074 3229 1106 ι
3268 1057 3491 1108 Δέδεσαι
3549 1058 3677 1123 γὰρ,
3735 1059 3891 1125 φησὶ,
3947 1075 4053 1123 γυ-

2466 1147 2634 1199 ναικί.
2678 1167 2695 1199 ι
2728 1145 2858 1201 Εἶτα
2884 1149 2977 1201 καὶ
3000 1149 3209 1202 ἑαυτῶν
3236 1151 3337 1203 οὐκ
3367 1149 3798 1215 ἑξουσιάζουσιν,
3827 1150 3906 1213 ὡς
3938 1151 4058 1204 ἅνω

2469 1238 2651 1304 φησίν.

784 1340 839 1385 ct
868 1332 1032 1399 cupio
1060 1347 1156 1385 vos
1186 1332 1388 1384 liberos
1411 1344 1532 1385 esse
1586 1346 1649 1385 ac
1690 1331 1809 1385 sine
1838 1346 2098 1385 maerore.
2134 1331 2356 1384 Interim
2398 1345 2635 1399 namque
2665 1330 2719 1384 in
2751 1331 2987 1387 vinculis
3020 1334 3174 1389 eslis.
3209 1335 3299 1388 Ait
3331 1335 3478 1390 enim
3510 1354 3525 1391 :
3598 1354 3615 1388 ι
3652 1337 3926 1407 Alligatus
3992 1360 4057 1411 es

786 1421 966 1472 uxori.
1010 1439 1026 1470 ι
1072 1421 1274 1474 Deinde
1311 1422 1480 1475 etiam
1518 1436 1627 1474 non
1683 1431 1811 1474 sunt
1847 1421 1930 1474 sui
1955 1420 2113 1491 juris,
2159 1429 2218 1474 ut
2256 1421 2513 1490 superius
2547 1421 2709 1476 dixit.

858 1514 971 1575 ΥΠ,
999 1513 1192 1567 29-51.
1227 1513 1487 1567 Caeterum
1517 1514 1653 1565 illud
1707 1514 1844 1577 dico,
1904 1514 2119 1581 fratres,
2162 1524 2365 1583 tempus

788 1624 881 1660 ron
908 1617 1113 1660 ractum
1143 1616 1218 1661 est
1250 1625 1267 1660 :
1302 1616 1537 1676 superest
1564 1617 1618 1659 ut
1653 1608 1741 1676 qui
1774 1607 1967 1659 habent
1999 1623 2188 1660 uxores
2212 1648 2224 1671 ,
2258 1610 2365 1661 sint

789 1707 1043 1768 tauquam
1081 1716 1183 1751 non
1219 1699 1446 1752 habeant
1477 1707 1564 1752 :et
1598 1701 1686 1761 qui
1717 1698 1946 1766 plorant,
1983 1708 2235 1761 tanquam
2259 1715 2361 1751 non

788 1787 996 1857 plorent
1028 1805 1045 1840 :
1072 1800 1123 1840 et
1158 1789 1246 1858 qui
1272 1789 1527 1858 gaudent,
1554 1798 1807 1857 tanquam
1842 1804 1944 1839 non
1969 1788 2234 1857 gaudeant
2269 1802 2286 1839 :
2312 1795 2361 1839 et

2552 1515 2737 1568 Τοῦτο
2789 1514 2857 1567 δέ
2900 1534 3075 1585 φημι,
3127 1516 3398 1585 ἀδελφοὶ,
3448 1518 3536 1570 ὅτι
3572 1520 3605 1571 ὁ
3650 1519 3853 1585 καιρὸς
3903 1536 4060 1574 συν-

2473 1608 2853 1675 εσταλμένος
2893 1607 2957 1660 τὸ
2984 1610 3203 1661 λοιπόν
3231 1610 3422 1674 ἐστιν,
3455 1610 3552 1663 ἵνα
3584 1612 3679 1663 καὶ
3716 1616 3768 1665 οι
3803 1613 4061 1681 ἔχοντες

2471 1697 2784 1765 γυναῖκας,
2816 1699 2894 1762 ὡς
2915 1697 3001 1767 μὴ
3036 1698 3284 1766 ἔχοντες
3309 1696 3478 1763 ὦσιν,
3511 1702 3609 1754 καὶ
3638 1705 3691 1755 οἱ
3736 1706 4061 1770 κλαίοι-τες

2468 1788 2548 1852 ὡς
2584 1788 2671 1856 μὴ
2718 1790 3054 1854 κλαίοντες,
3106 1789 3203 1842 καὶ
3252 1793 3305 1842 οἱ
3345 1793 3655 1858 χαιροιτες
3684 1794 3763 1860 ὡς
3798 1795 3885 1863 μὴ
3922 1799 4060 1864 χαί-

789 1881 879 1947 qui
907 1887 1107 1943 emunt,
1136 1886 1399 1947 tanquam
1428 1896 1531 1933 non
1559 1880 1859 1946 possideant
1892 1896 1909 1932 :
1935 1888 1980 1931 et
2017 1880 2105 1947 qui
2138 1887 2366 1931 utuntur

2476 1897 2697 1945 ροντες,
2766 1881 2863 1934 καὶ
2926 1885 2979 1934 ol
3039 1882 3426 1949 ἁγοράζὶηοτες
3488 1885 3567 1950 ὡς
3618 1886 3703 1954 μὴ
3766 1888 4063 1955 κατέχον-

788 1971 985 2022 mundo
1008 1971 1123 2033 hoc,
1160 1983 1417 2041 tanquam
1450 1988 1553 2023 non
1592 1971 1904 2025 abutantur.
1947 1970 2195 2025 Pra'terit
2223 1972 2363 2025 enim

787 2057 995 2110 habitus
1029 2058 1211 2110 mundi
1237 2059 1413 2127 hujus.

784 2250 787 2253 Α
858 2270 1131 2338 Quoniam
1158 2266 1296 2321 dixit
1340 2282 1354 2317 :
1393 2283 1411 2316 ι
1458 2264 1824 2318 Afﬂictionem
1858 2272 2040 2319 tamen
2101 2263 2155 2318 in
2201 2280 2365 2319 carne

789 2361 1094 2419 habebunt,
1135 2376 1151 2408 ι
1199 2372 1267 2409 ne
1294 2354 1418 2424 quis
1451 2354 1598 2407 dicat
1630 2364 1655 2406 :'
1689 2353 1850 2422 Atqui
1906 2355 2071 2407 etiam
2111 2356 2365 2423 volupta-

792 2465 901 2510 tem
935 2451 1238 2510 habebunt,
1274 2464 1340 2501 ex
1374 2456 1658 2501 contracto
1692 2456 1935 2515 tempore
1967 2458 2199 2502 conatur
2229 2464 2368 2517 pra).—

791 2544 1042 2600 srindere
1095 2541 1261 2612 486
1315 2540 1673 2607 voluptatem.
1707 2539 2000 2608 Pr0pterea
2053 2539 2129 2594 ait
2187 2556 2207 2594 :
2238 2540 2370 2595 Dico

791 2637 938 2707 quod
980 2634 1340 2689 aiﬂictionem
1400 2632 1707 2695 habebunt,
1750 2632 2011 2700 quoniam
2062 2649 2243 2702 neque
2278 2650 2371 2687 vo-

794 2728 1061 2795 luptatem
1115 2722 1319 2775 habere
1350 2730 1581 2789 possunt
1607 2719 1679 2773 ob
1703 2720 1755 2773 id
1792 2720 1936 2787 quod
1988 2730 2204 2789 tempus
2233 2723 2372 2776 adeo

793 2826 1131 2874 contractum
1183 2815 1253 2867 sit
1296 2822 1352 2868 et
1392 2813 1471 2866 'ad
1508 2813 1924 2867 dissolutionem
1976 2823 2189 2883 urgeat.
2253 2815 2369 2869 Jam

794 2911 941 2963 enim
971 2905 1437 2976 appropinquavit
1478 2920 1707 2975 regnum
1741 2903 1967 2967 Christi,
2031 2916 2085 2958 et
2114 2906 2374 2975 deinceps

797 3002 862 3054 ad
891 3016 1015 3054 eum
1055 3000 1290 3067 migrare
1314 2996 1597 3066 jubemur.
1635 3015 1653 3047 ι
1688 2995 1807 3050 Sint
1843 3006 2096 3064 tanquam
2129 3014 2237 3051 non
2274 2998 2373 3051 ha-

795 3093 981 3147 beant.
1035 3111 1050 3140 ι
1084 3090 1202 3154 Quo
1234 3097 1393 3156 pacto
1447 3086 1563 3141 ﬁeri
1616 3096 1795 3156 potest
1857 3097 1916 3141 ut
1947 3088 2058 3141 sint
2111 3097 2372 3157 tanquam

795 3199 902 3237 non
956 3181 1232 3234 habeant?
1261 3178 1321 3231 In
1354 3179 1459 3232 hoc
1488 3178 1634 3247 quod
1678 3178 1812 3247 ipsis
1846 3194 1951 3232 non
1992 3179 2375 3247 obsequantur

797 3275 862 3328 ad
896 3274 1090 3326 stultas
1125 3268 1315 3324 mundi
1342 3269 1853 3337 concupiscentias;
1899 3279 1993 3323 aut
2019 3269 2161 3339 quod
2206 3271 2369 3323 etiam

797 3366 951 3435 Cupit
982 3375 1039 3417 ut
1071 3365 1213 3417 circa
1251 3363 1689 3416 cummistionem
1716 3363 2058 3417 abstinentes
2081 3364 2210 3416 sint.
2252 3383 2269 3413 ι
2306 3364 2373 3417 Et

800 3456 893 3525 qui
960 3457 1200 3523 plorant.
1239 3460 1494 3520 tanquam
1522 3466 1630 3503 non
1655 3451 1891 3520 plorent.
1937 3470 1955 3502 ι
1989 3453 2069 3506 0b
2109 3452 2372 3521 temporis

800 3547 1159 3606 brevitatem,
1194 3543 1394 3612 inquit,
1422 3540 1606 3595 omnia
1631 3557 1752 3609 quae
1782 3543 2062 3595 nonnullis
2094 3543 2146 3595 in
2179 3560 2371 3612 magna

800 3648 924 3693 sunt
972 3651 1129 3695 cura,
1162 3634 1426 3687 debemus
1451 3632 1655 3685 ducere
1695 3642 1950 3701 tanquam
1991 3648 2099 3685 non
2130 3643 2317 3688 essent
2353 3653 2365 3687 :

799 3739 855 3785 et
913 3731 985 3782 ita
1041 3727 1246 3780 habere
1281 3738 1506 3778 uxorem
1540 3730 1595 3776 et
1626 3724 1862 3793 gaudere
1905 3740 1969 3779 ac
1996 3725 2205 3793 lugere.
2234 3723 2370 3779 Cum

798 3823 946 3878 enim
1011 3822 1064 3874 in
1114 3819 1427 3888 propinquo
1484 3817 1555 3870 sit
1585 3832 1753 3880 mors,
1792 3817 1922 3885 quid
1960 3832 2097 3885 opus
2116 3826 2201 3871 est
2233 3833 2374 3886 pra:-

801 3914 1053 3969 sentibus
1082 3926 1203 3965 cum
1230 3924 1417 3963 amore
1450 3908 1773 3961 immorari?
1800 3908 1885 3961 vel
1910 3908 2229 3963 existimare
2253 3924 2373 3964 esse

799 4004 1112 4075 conjugium
1139 4009 1233 4055 aut
1257 3999 1482 4053 omnino
1500 3998 1705 4052 mundo
1735 3998 1851 4052 uti?
1887 4018 1905 4050 ι
1942 4000 2009 4053 Et
2029 4001 2374 4069 quiutuntur

798 4099 905 4151 hoc
960 4093 1187 4156 mundo,
1234 4101 1494 4160 tanquam
1534 4107 1643 4144 non
1675 4090 1997 4145 abutantur.
2048 4109 2065 4142 ι
2126 4092 2373 4147 Abusum

799 4189 934 4243 dicit
972 4187 1202 4240 nimium
1231 4184 1309 4238 uti
1344 4183 1626 4236 mundana
1658 4183 1939 4252 voluptate
1972 4192 2100 4251 puta
2136 4184 2373 4248 deliciis,

802 4280 1006 4335 divitiis
1034 4294 1096 4332 ac
1135 4278 1411 4345 voluptate
1439 4292 1534 4329 seu
1590 4275 1824 4345 imperio
1854 4291 1867 4327 :
1903 4275 2218 4345 signiﬁcans
2269 4277 2377 4331 hoc

800 4387 921 4427 esse
951 4386 1057 4423 non
1086 4370 1162 4423 ini
1200 4383 1266 4422 eo
1308 4368 1458 4421 sicut
1491 4366 1672 4420 decet.
1710 4366 1901 4434 Neque
1940 4366 2086 4419 enim
2115 4366 2186 4421 ob
2230 4366 2284 4421 id
2321 4366 2374 4420 in

800 4465 1065 4519 mundum
1098 4460 1322 4516 adducti
1360 4475 1551 4514 sumus
1583 4466 1644 4512 ut
1687 4459 1804 4513 hzec
1846 4458 2131 4513 faciamus.
2157 4458 2293 4512 Nam
2321 4460 2373 4512 in

802 4559 961 4611 bouis
991 4554 1250 4625 Operibus
1278 4552 1442 4607 creati
1477 4551 1798 4617 sumus.Qui
1823 4566 1952 4622 ergo
1984 4552 2068 4605 his
2094 4552 2146 4605 in
2177 4551 2378 4621 quibus
2404 4560 2457 4618 1)

802 4652 1067 4705 formatus
1081 4656 1165 4701 est
1185 4646 1413 4709 relictis,
1447 4644 1609 4698 etiam
1630 4644 1737 4697 alio
1774 4643 2124 4697 modoutitur
2144 4644 2373 4706 mundo,

802 4740 1045 4793 abutitur
1072 4738 1208 4806 ipso.
1250 4756 1267 4787 ‹
1313 4736 1561 4789 Praeterit
1615 4735 1762 4786 enim
1792 4732 2015 4786 habitus
2043 4734 2232 4786 mundi
2272 4734 2377 4786 hu-

798 4834 907 4902 jus.
950 4849 967 4878 »
1009 4828 1230 4882 Transit
1275 4835 1330 4881 et
1364 4826 1524 4880 linem
1557 4826 1747 4889 habet,
1783 4826 1983 4894 inquit,
2013 4827 2252 4881 mundus
2282 4828 2376 4896 qui

801 4936 947 4975 nunc
982 4919 1218 4973 videtur.
1250 4917 1388 4984 Quid
1425 4933 1554 4987 ergo
1621 4917 1697 4970 illi
1757 4916 2038 4971 adhaerere
2096 4934 2236 4987 opus
2289 4928 2379 4972 est

802 5013 946 5081 quod
974 5010 1327 5065 dissolvitur?
1356 5009 1615 5065 Habitum
1655 5017 1838 5062 autem
1875 5008 2035 5070 dixit,
2080 5008 2379 5062 ostendens

2466 1985 2582 2034 τες,
2641 1970 2741 2022 καὶ
2794 1972 2847 2022 οἱ
2900 1974 3188 2039 χρώμενοι
3240 1971 3320 2036 τῷ
3373 1975 3578 2043 κόσμῳ
3632 1978 3819 2040 τούτῳ
3852 1979 3937 2043 ὡς
3970 1981 4058 2047 μὴ

2466 2061 2929 2131 καταχρώμενοι.
2960 2062 3217 2132 Παράγει
3244 2081 3353 2133 γαρ
3376 2066 3439 2117 τὸ
3462 2066 3669 2135 σχῆμα
3690 2068 3793 2121 τοῦ
3817 2071 4060 2139 κόσμου

2467 2155 2705 2207 τούτου.

2553 2243 2772 2313 Ἐπειδὴ
2799 2238 2957 2296 εἶπεν
2984 2245 3064 2298 ὅτι
3092 2245 3272 2314 θλίψιν
3302 2249 3366 2316 τῇ
3399 2250 3562 2318 σαρκὶ
3586 2249 3820 2316 ἕξουσιν,
3850 2253 3943 2307 ἵνα
3984 2255 4058 2324 μή

2468 2352 2552 2397 τις
2582 2336 2734 2405 εἴπῃ,
2769 2335 2930 2387 ’Λλλὰ
2980 2337 3073 2389 καὶ
3115 2337 3327 2405 ἡδονὴν,
3357 2340 3421 2390 ὲκ
3472 2339 3567 2391 τοῦ
3611 2343 4060 2414 συνεσταλμένου

2470 2427 2666 2494 καιροῦ
2691 2429 2945 2500 πειρᾶται
2971 2428 3039 2481 τὰ
3066 2429 3161 2497 τῆς
3190 2429 3383 2499 ἡδονῆς
3418 2431 3729 2499 ὑποτεμεῖν.
3768 2436 3868 2486 Διὰ
3896 2436 4063 2489 τοῦτό

2473 2536 2637 2588 φησιο
2670 2522 2848 2588 Λέγω,
2876 2521 2957 2573 ὅτι
2990 2519 3171 2589 Θλίψιν
3214 2521 3450 2587 ἕξουσιν,
3473 2524 3660 2593 ἐπειδὴ
3694 2526 3829 2594 μήτε
3862 2528 4064 2597 ἡδονὴν

2471 2611 2723 2664 δύνανται
2778 2611 2947 2680 ἔχειν,
2996 2610 3071 2679 τῷ
3101 2612 3192 2663 τὸν
3235 2613 3426 2682 καιρὸν
3467 2613 3611 2666 οὕτω
3666 2619 4061 2681 συνεστάλθαι,

2474 2704 2569 2757 καὶ
2591 2705 2725 2773 πρὸς
2749 2704 2901 2757 λύσιν
2933 2705 3273 2773 ἐπείγεσθαι.
3307 2707 3446 2775 Ἤδη
3483 2707 3589 2778 γὰρ
3624 2709 3855 2777 ἤγγικεν
3889 2713 3921 2780 ἡ
3965 2713 4065 2779 βα-

2475 2798 2651 2849 σιλεία
2675 2797 2766 2850 τοῦ
2794 2797 3056 2868 Χριστοῦ,
3083 2799 3178 2850 καὶ
3203 2798 3388 2850 λοιπὸν
3411 2798 3711 2867 ἀποδημεῖν
3735 2802 3871 2870 πρὸς
3894 2805 4065 2857 αὐτὸν

2474 2889 2835 2958 κελευόμεθα.
2874 2908 2890 2940 ι
2930 2890 3015 2953 Ὧς
3049 2892 3121 2959 μὴ
3149 2889 3361 2959 ἔχοντες
3384 2883 3505 2942 ὦσι.
3546 2908 3565 2941 ›
3602 2891 3725 2952 Πῶς
3755 2893 3799 2945 δ’
3833 2894 3899 2946 ἂν
3928 2888 4069 2947 ἆνερ)

2474 2980 2548 3043 ὼς
2578 2979 2651 3049 μὴ
2678 2980 2890 3048 ἔχοντες
2917 2998 2929 3044 ;
2964 2981 3054 3033 Ἐν
3089 2980 3166 3049 τῷ
3194 2981 3267 3051 μὴ
3294 2981 3592 3033 ὑπακούειν
3618 2984 3806 3047 αὐταῖς
3845 2986 3926 3048 εἰς
3967 2989 4065 3049 τὰς

2480 3073 2667 3141 μωρὰς
2687 3071 2781 3123 τοῦ
2814 3071 3019 3139 κόσμου
3054 3072 3373 3141 ἐπιθυμίας.
3412 3102 3475 3112 —
3499 3071 3843 3147 [OIKOYBL]
3880 3078 3953 3128 Ἦ
3984 3080 4066 3130 ὅτι

2478 3162 2569 3211 καὶ
2599 3161 2725 3230 περὶ
2758 3160 2856 3231 τὴν
2893 3162 3044 3231 μίξιν
3076 3164 3366 3231 ἐγκρατεῖς
3403 3159 3541 3216 εἶναι
3571 3164 3843 3233 βούλεται.
3890 3187 3908 3218 ι
3951 3170 4066 3221 Καὶ

2478 3251 2526 3302 οἱ
2555 3252 2890 3313 κλαίοντες.»
2920 3252 3020 3303 Διὰ
3038 3252 3135 3320 τὴν
3154 3252 3245 3305 τοῦ
3276 3255 3468 3322 καιροῦ
3502 3256 3838 3326 βραχύτητα,
3876 3260 4067 3311 πὰντα

2481 3345 2537 3394 ὲν
2565 3342 2768 3413 σπουδῇ
2795 3343 2890 3394 νῦν
2924 3343 3240 3412 ὑπάρχοντὰ
3266 3361 3430 3406 τισιν,
3451 3346 3525 3407 ὡς
3546 3348 3645 3399 οὐκ
3680 3348 3831 3409 ὄντα,
3869 3349 4062 3417 φησιν,

2480 3435 2768 3504 ὀφείλομεν
2826 3436 3098 3503 ἡγεῖσθαι,
3149 3437 3339 3489 καὶτὸ
3368 3437 3512 3506 ἔχειν
3543 3440 3796 3505 γυναῖκα,
3856 3443 3955 3492 καὶ
4005 3443 4066 3493 τδ

2480 3526 2714 3595 χαίρειν,
2776 3529 2870 3579 καὶ
2922 3528 2983 3579 τὸ
3043 3526 3352 3582 λυπεῖσθαι.
3408 3530 3577 3582 Ὅταν
3640 3529 3748 3600 γὰρ
3812 3533 3986 3598 ἐγγὺς
4039 3534 4067 3584 ὁ

2481 3617 2731 3681 θάνατος,
2771 3619 2824 3670 τί
2854 3619 2932 3671 δεῖ
2956 3621 3066 3681 τοῖς
3102 3613 3204 3673 ὧδε
3236 3621 3654 3691 ἐμφιλοχωρεῖν,
3688 3622 3778 3673 καὶ
3814 3623 4067 3689 νομίζειν

2482 3707 2620 3762 εἶναι
2654 3711 2832 3780 γάμον
2868 3713 2958 3764 καὶ
2996 3713 3317 3782 ἀγορασίας,
3358 3714 3390 3783 ἣ
3425 3715 3485 3766 τὸ
3530 3715 3666 3778 ὅλως
3707 3716 3948 3785 χρᾶσθαι
3990 3718 4069 3786 τῷ

2481 3803 2672 3872 κόσμῳ
2703 3821 2716 3867 ;
2758 3822 2775 3854 ι
2807 3806 2915 3856 Καὶ
2936 3806 2984 3856 οἱ
3012 3805 3285 3875 χρώμενοι
3315 3806 3391 3875 τῷ
3422 3807 3610 3876 κόσμῳ
3641 3808 3837 3876 τούτῳ,
3876 3809 3952 3870 ὡς
3991 3812 4068 3878 μὴ

2482 3899 2916 3970 καταχρώμενοι.
2957 3920 2974 3951 ι
3026 3900 3099 3954 Τὸ
3139 3902 3279 3955 πάνυ
3337 3905 3400 3971 τῇ
3450 3906 3685 3973 κοσμικῇ
3735 3904 4069 3967 ἀπολαύσει,

2481 3984 2593 4043 οἷον
2642 3996 2821 4059 τρυφῇ
2876 3994 2971 4045 καὶ
3010 3993 3226 4062 πλούτῳ
3258 3994 3349 4047 καὶ
3392 3994 3680 4064 δυναστεῖᾳ
3733 3994 4065 4064 κ’χρῆσθαι,

2483 4085 2835 4154 παραχρησιν
2887 4084 3064 4149 καλεῖ,
3091 4085 3340 4138 τουτέστι
3379 4086 3437 4137 τὸ
3473 4086 3547 4155 μὴ
3578 4086 3881 4155 κεχρῆσθαι
3912 4088 4069 4157 αὖτῷ

2483 4176 2664 4239 καθὼς
2693 4177 2895 4248 πρέπει
2925 4177 3228 4246 σημαίνων.
3286 4178 3360 4230 Οὐ
3413 4178 3520 4249 γὰρ
3570 4178 3656 4231 διὰ
3698 4178 3860 4231 τοῦτο
3917 4197 4067 4249 πιρ-

2483 4269 2733 4339 ήχϐημεν
2767 4272 2844 4332 εἰς
2875 4270 2966 4322 τὸν
2994 4270 3323 4339 κόσμον,ἴνα
3352 4270 3523 4324 ταῦτα
3559 4272 3917 4340 πράττωμεν.
3946 4273 4066 4323 Ἐπ’

2484 4362 2667 4434 εργοις
2720 4363 2829 4433 γὰρ
2886 4362 3111 4432 ἀγαθοῖς
3160 4364 3482 4433 ὲκτίσμεθα.
3538 4362 3597 4417 '0
3638 4360 3730 4417 οὗν
3784 4364 3852 4416 τὰ
3891 4367 3949 4416 ἐν
3986 4358 4069 4427 οἷς

2484 4455 2730 4525 ἐπλάσθη
2762 4457 2940 4524 ἀφεὶς,
2975 4457 3069 4509 καὶ
3113 4457 3319 4525 ἑτέρως
3374 4456 3451 4526 τῷ
3514 4458 3703 4525 κόσμῳ
3755 4456 4066 4525 χρώμενος,

2485 4549 2835 4617 παραχρᾶται.
2898 4548 3067 4616 αὐτῷ.
3110 4566 3128 4599 ι
3172 4548 3418 4616 Παράγει
3473 4547 3582 4616 γὰρ
3618 4547 3677 4598 τὸ
3732 4548 3921 4615 σχῆμα
3973 4534 4067 4601 τοῦ

2485 4641 2692 4708 κόσμου
2727 4639 2936 4691 τούτους
2970 4657 2987 4690 ι
3024 4640 3367 4708 Παρέρχεται
3398 4638 3489 4689 καὶ
3518 4637 3669 4698 τέλος
3707 4637 3843 4701 ἕξει,
3873 4640 4067 4706 φησὶν,

2485 4733 2513 4784 ὁ
2543 4734 2747 4800 κόσμος
2779 4731 2807 4782 ὁ
2842 4731 2935 4782 νῦν
2966 4730 3263 4801 ὁρώμενος.
3318 4732 3381 4783 Τί
3425 4726 3551 4792 οὗνς
3590 4728 3809 4798 ἔχεσθαι
3855 4730 3941 4781 δεῖ
3973 4730 4066 4782 τοῦ

2484 4825 2746 4894 λυομένου
2779 4842 2792 4891 ;
2825 4826 3015 4894 Σχῆμα
3054 4825 3109 4876 δὲ
3161 4820 3333 4887 εἶπεν,
3390 4823 3668 4891 ἐμφαίνων
3724 4820 3854 4888 ἄχρι
3885 4822 4067 4887 δᾲεως

2485 4913 2624 4969 εἶναι
2676 4918 2743 4969 τὰ
2800 4916 2893 4968 τοῦ
2939 4916 3204 4987 παρόντος
3256 4913 3482 4983 κόσμου,
3534 4913 3629 4965 καὶ
3678 4912 3779 4963 οῦκ
3832 4911 4064 4980 ἔχειντί

2488 5011 2716 5080 μόνιμον
2740 5008 2771 5077 ἣ
2803 5009 3037 5078 βέϐαιον.

803 5106 857 5158 in
890 5110 1177 5171 prospectu
1208 5110 1419 5154 tantum
1474 5116 1592 5155 esse
1621 5116 1743 5170 qua:
1793 5100 1955 5171 hujus
1986 5099 2175 5153 mundi
2212 5109 2361 5165 sunt,
2402 5117 2503 5159 nec
2541 5104 2838 5173 quidquam
2876 5101 3078 5155 habere
3113 5098 3364 5153 durabile
3399 5095 3753 5151 aulﬁrmum-

877 5195 984 5255 Vll,
1014 5195 1204 5248 2⁵254.
1245 5193 1412 5263 Cupio
1449 5203 1626 5248 autem
1672 5211 1759 5248 eos
1795 5195 1986 5262 absque
2023 5193 2377 5247 sollicitudine

802 5304 930 5342 esse.
972 5285 1073 5350 Qui
1105 5286 1287 5339 cwlebs
1312 5294 1387 5339 est
1408 5294 1563 5339 curat
1592 5302 1651 5338 eo
1684 5302 1799 5354 qua:
1821 5295 1947 5338 sunt
1996 5285 2231 5348 Domini,
2255 5277 2381 5353 quo-

803 5377 954 5431 modo
980 5375 1267 5445 placiturus
1298 5379 1367 5429 sit
1399 5377 1643 5430 Domino.
1702 5375 1804 5440 Qui
1832 5385 2011 5430 autem
2066 5378 2214 5429 duxit
2247 5392 2382 5429 uxo-

804 5486 913 5521 rem
936 5511 949 5532 ,
979 5474 1128 5520 curat
1183 5484 1241 5520 ea
1274 5484 1390 5536 qua!
1421 5477 1542 5521 sunt
1576 5469 1781 5531 mundi,
1810 5467 2066 5536 quomodo
2090 5467 2384 5536 placiturus

801 5564 869 5614 sit
896 5562 1068 5614 uxori.
1092 5559 1272 5613 Divisa
1309 5572 1380 5613 est
1410 5562 1697 5631 conjugata
1730 5579 1761 5613 α
1790 5562 2009 5628 uirgine.
2043 5558 2172 5624 Quae
2203 5559 2380 5612 caelebs

806 5664 880 5707 est
927 5661 1075 5706 curat
1122 5670 1183 5706 ea
1232 5668 1347 5722 qua:
1388 5662 1509 5705 sunt
1538 5652 1766 5717 Domini,
1801 5661 1856 5705 ut
1882 5653 1948 5705 sit
1978 5662 2161 5705 sancta
2191 5659 2238 5703 et
2262 5668 2381 5704 cor-

805 5760 930 5814 pore
979 5753 1027 5796 et
1054 5746 1241 5812 spiritu
1278 5760 1295 5798 :
1332 5760 1449 5809 qua
1477 5761 1597 5798 vero
1628 5750 1800 5813 nupsit
1834 5746 1969 5807 viro,
1999 5752 2149 5798 curat
2177 5758 2236 5796 ea
2268 5759 2383 5811 qua:

806 5847 927 5892 sunt
957 5838 1157 5895 mundi.
1199 5838 1453 5907 quomodo
1482 5838 1744 5909 placitura
1779 5839 1847 5891 sit
1876 5839 2002 5893 viro.

2552 5198 2713 5253 Θέλω
2763 5197 2829 5249 δὲ
2875 5195 3031 5264 ὑμᾶς
3070 5195 3429 5262 ἀμερίμνους
3479 5185 3652 5243 εἶναι.
3718 5189 3779 5242 '0
3831 5190 4065 5258 ἄγαμος

2476 5288 2732 5359 μεριμνᾷ
2763 5289 2832 5342 τὰ
2878 5288 2983 5342 τοῦ
3019 5289 3261 5355 Κυρίου,
3307 5282 3671 5350 πῶς.ἀρέσει
3726 5280 3805 5345 τῷ
3841 5284 4061 5348 κηρίῳ.

2483 5383 2516 5434 ὀ
2573 5379 2641 5433 δὲ
2690 5380 2967 5449 γαμήσας
3021 5374 3273 5446 μεριμνᾷ
3335 5375 3409 5428 τὰ
3461 5373 3566 5427 τοῦ
3627 5374 3881 5438 κόσμου,
3935 5369 4065 5433 πῶς

2484 5473 2685 5542 ἀρέσει
2716 5471 2791 5540 τῇ
2846 5470 3103 5539 γυναικί.
3164 5468 3517 5535 Μεμέρισται
3574 5466 3613 5531 ἡ
3665 5462 3819 5531 γυνή
3870 5464 3971 5516 καὶ
4028 5464 4062 5528 ἠ

2489 5565 2804 5635 παρθένος.
2859 5564 2921 5620 Ἠ
2969 5562 3195 5631 ἄγαμος
3236 5557 3491 5628 μεριμνᾷ
3546 5555 3615 5609 τὰ
3667 5553 3774 5609 τοῦ
3816 5554 4060 5622 Κυρίου.

2489 5654 2588 5705 ἵνα
2742 5650 2880 5718 ἁγία
2940 5646 3039 5702 καὶ
3090 5645 3316 5714 σώματι
3373 5644 3471 5697 καὶ
3535 5641 3868 5708 πνεύματι·
3908 5640 3945 5705 ἡ
3998 5638 4067 5691 δὲ

2488 5741 2834 5811 γαμήσασα,
2864 5736 3119 5812 μεριμνᾷ
3148 5736 3218 5790 τὰ
3256 5735 3360 5790 τοῦ
3404 5735 3655 5803 κίσμςυ,
3691 5729 3816 5797 πῶς
3861 5728 4063 5798 ἁρέσει

2488 5826 2566 5892 τῷ
2585 5827 2777 5896 ἀνδρί.
