4204 6464
147 394 245 459 741

1028 394 1418 458 COMMENT.
1464 395 1547 457 ΙΝ
1583 394 1876 458 ΕΡΙΒΤ.Ῑ
1905 398 2007 457 AD
2046 397 2407 461 CORINTH.

3223 434 3236 455 ι
3284 404 3392 465 742

206 504 329 567 Πῶς
381 503 429 557 δ’
475 502 543 557 ἂν
590 502 782 573 εἴημεν
812 502 1131 575 ἀμέριμνοι,
1171 504 1221 557 εἱ
1273 505 1479 576 ἄγαμοι
1525 499 1719 574 die“;

1893 507 2181 574 Quomodo
2226 517 2412 565 autem
2479 508 2690 580 absqbe
2739 511 3109 570 sollicitudine
3142 529 3263 570 esse
3294 530 3396 586 po-

144 596 248 661 Τὰς
276 597 384 667 γὰρ
412 597 684 667 κοσμικὰς
715 596 1025 666 φροντίδας,
1054 596 1138 660 τίς
1165 598 1356 665 ἀγνοεῖ
1382 613 1397 660 ;
1430 616 1449 649 ι
1500 597 1557 652 '0
1582 599 1723 666 ἄγα-

144 707 239 760 μος
291 690 535 759 μεριμνᾷ
567 690 635 741 τὰ
673 688 769 741 τοῦ
817 688 1048 757 Κυρίου.
1084 706 1103 740 ι
1159 690 1302 758 Ὅρα
1347 687 1465 751 πῶς
1508 692 1575 758 τῇ
1622 690 1723 759 τῆς

144 784 409 852 μερίμνης
445 781 682 852 διαφορᾷ
706 780 799 833 ἐπὶ
823 781 1123 851 παρθενίαν
1148 781 1479 852 παρακαλεῖ.
1506 779 1581 834 Τὸ
1613 782 1721 851 κὰρ

139 873 203 926 τά
242 871 336 925 τοῦ
388 873 598 941 Κυρὲου
650 872 943 943 μεριμνᾷν,
968 873 1069 925 οὐκ
1102 872 1217 926 ἔστι
1261 872 1539 943 μέριμνα,
1587 870 1723 926 ἀλλὰ

142 964 401 1035 σωτηρία.
441 962 606 1016 Ὅθεν
636 962 748 1017 ἀνω
794 963 966 1032 λέγει,
1005 981 1024 1015 ι
1062 964 1215 1018 Θέλω
1267 965 1323 1018 δὲ
1358 966 1500 1028 ὑμᾶς
1528 964 1722 1035 ἀμερί-

144 1072 301 1124 μνους
346 1051 508 1109 εἶναι.
544 1073 563 1106 ι
587 1085 653 1095 —
687 1074 707 1108 ι
739 1055 1084 1125 Μεμέρισται
1118 1057 1152 1127 ἡ
1186 1057 1324 1127 γυνὴ
1354 1057 1446 1109 καὶ
1502 1058 1537 1127 ἡ
1581 1071 1725 1127 παρ·-

142 1146 306 1208 θένος.
324 1165 343 1196 ι
382 1144 793 1218 [01ΚΟΥΜ.]-
813 1147 893 1199 Με
904 1147 968 1216 μέ
978 1163 1178 1216 ρισται,
1199 1148 1497 1211 τουτέστιν,
1530 1146 1590 1198 οὐ
1624 1147 1722 1215 τὴν

140 1238 301 1306 αὐτὴν
330 1237 519 1306 ἔχουσι
555 1237 835 1307 φροντίδα,
865 1237 1003 1289 ἀλλά
1032 1238 1438 1307 μεμερισμέναι
1465 1237 1571 1289 eisi
1599 1236 1721 1297 ταῖς

143 1328 418 1389 σπουδαῖς.
495 1327 559 1379 Ἠ
625 1327 723 1397 μὲν
778 1329 884 1398 γὰρ
947 1328 1239 1399 παρθένος,
1280 1329 1435 1398 φησι,
1496 1330 1566 1384 τά
1626 1329 1719 1383 τοῦ

149 1416 347 1486 Κυρίου
379 1418 643 1486 μεριμνᾷ,
685 1416 771 1470 ἴνα
895 1418 1105 1487 σώματι
1141 1419 1233 1470 καὶ
1265 1418 1535 1487 πνεύματι
1567 1418 1717 1486 ἀγία,

145 1506 349 1575 σώματι
384 1507 486 1575 μὲν
544 1506 632 1558 διά
673 1508 771 1577 τὴν
815 1508 1058 1574 ἁγνείαν,
1113 1509 1386 1579 πνεύματι
1414 1511 1470 1563 δὲ
1499 1511 1588 1563 διὰ
1622 1510 1720 1580 τὴν

145 1596 272 1665 πρὸς
317 1597 410 1648 τὸν
458 1596 592 1648 θεὸν
650 1598 983 1665 οἰκειότητα,
1032 1601 1128 1653 καὶ
1150 1601 1251 1668 τὴν
1307 1600 1576 1670 ἐνοίκησιν
1623 1600 1718 1653 τοῦ

145 1685 491 1755 παρακλήτου
546 1684 881 1757 Πνεύματος.
946 1708 965 1740 ι
1020 1690 1083 1743 Ἠ
1122 1690 1178 1744 δὲ
1235 1691 1303 1744 τά
1359 1691 1456 1744 τοῦ
1513 1692 1717 1757 κόσμου

150 1779 404 1846 μεριμνᾷ.
442 1796 461 1828 ι
503 1777 684 1847 ’Δνδρὶ
733 1780 841 1848 γὰρ
867 1780 1064 1849 ἀρέσαι
1100 1779 1371 1850 βούλεται.
1406 1783 1568 1845 Ἴσως
1609 1783 1716 1850 γὰρ

145 1867 231 1920 καὶ
247 1867 472 1931 εὖοπτος
503 1864 641 1921 εἶναι
666 1869 938 1937 βούλεται,
964 1874 1055 1924 καὶ
1076 1873 1346 1942 οἰκουρὸς,
1377 1875 1468 1926 καὶ
1487 1873 1621 1943 μηδὲ
1638 1875 1715 1942 τῷ

145 1960 375 2030 δεομένῳ
401 1957 657 2013 ἀπλοῦσα
694 1962 850 2030 χεῖρα
912 1962 1314 2033 φιλάνθρωπον.
1362 1963 1632 2016 Γυναῖκα
1658 1963 1714 2016 δέ

146 2070 286 2125 φησι,
318 2054 421 2124 τὴν
442 2054 849 2124 γεγαμηκυῖαν.

210 2334 389 2391 Τοῦτο
415 2334 487 2389 δὲ
510 2334 660 2404 πρὸς
687 2334 751 2388 τὸ
784 2332 951 2405 ὑμῶν
975 2333 1176 2388 αὐτῶν
1205 2333 1519 2404 συμφέρον
1532 2336 1712 2407 λέγω,

147 2433 248 2497 οὐχ
296 2432 398 2483 ἵνα
440 2430 676 2497 βρόχον
704 2427 845 2497 ὑμῖν
897 2428 1180 2493 ἐπιϐάλω,
1226 2429 1387 2483 ἀλλὰ
1440 2430 1590 2497 πρὸς
1650 2429 1715 2483 τὸ

146 2522 450 2591 εὔσχημον
476 2524 577 2574 καὶ
614 2519 1026 2588 σὺπρόσεδρον
1051 2518 1131 2585 τῷ
1162 2522 1363 2588 Κυρίῳ
1388 2521 1714 2588 ἀπερισπά-

148 2632 313 2680 στως.
363 2618 435 2669 Εί
479 2613 547 2667 δέ
581 2631 672 2679 τις
702 2612 1079 2681 ἀσχημονεῖν
1142 2613 1242 2666 ἐπὶ
1276 2612 1392 2682 τὴν
1416 2615 1718 2682 παρθένον

148 2708 320 2761 αὐτοῦ
386 2705 635 2774 νομίζει,
685 2707 794 2759 ἐὰν
842 2701 882 2776 ᾗ
938 2706 1300 2773 ὑπέρακμος,
1379 2706 1477 2760 καί
1530 2706 1719 2771 οὕτως

152 2796 365 2864 ὀφείλει
405 2797 701 2866 τίνεσθαι,
752 2795 785 2850 ὃ
827 2796 1010 2864 θέλει,
1055 2798 1313 2862 ποιείτω,
1359 2798 1471 2865 οὐχ
1536 2797 1715 2867 ἀμαρ-

150 2886 323 2949 τιίνει,
359 2888 760 2956 γαμείτωσαν.

210 2979 340 3040 Τοὺς
369 2978 425 3029 δὲ
482 2979 608 3047 περὶ
642 2976 937 3046 παρθενίας
966 2977 1182 3045 λόγους,
1227 2979 1414 3046 φησὶν,
1461 2977 1712 3048 έκίνησα,

152 3070 294 3123 τοῦτο
320 3071 449 3137 ὑμῖν
490 3070 791 3138 συμφέρειν
821 3069 999 3135 εἰδὼς,
1026 3072 1126 3139 οὐχ
1186 3070 1275 3123 ἵνα
1323 3070 1380 3123 δὲ
1418 3070 1717 3138 ἀναγκάσω

154 3160 279 3229 ὑμᾶς
330 3162 425 3215 καὶ
479 3162 730 3223 θέλοντας
776 3163 869 3214 καὶ
932 3163 1007 3231 μὴ
1051 3162 1303 3226 Θέλοντας
1326 3162 1703 3231 παρθενεύειν.

154 3216 376 3325 Τιὴνγάρ
405 3253 654 3321 ἀνάγκην
704 3216 895 3323 βρόχον
922 3216 1097 3307 καλεῖ.
1135 3216 1304 3325 Ὁρᾷς
1350 3216 1465 3316 πῶς
1514 3254 1716 3307 δέδοικε
1743 3216 1785 3274 C

153 3345 337 3397 τέλειόν
375 3363 428 3396 τι
461 3343 760 3407 ἐπιτάξαις
804 3362 821 3395 ι
877 3342 1038 3396 Ἀλλά
1073 3343 1208 3413 πρὸς
1243 3343 1305 3396 τὸ
1342 3344 1635 3413 εῦσχημον.
1695 3362 1714 3394 s

155 3435 211 3487 Τί
265 3436 371 3507 γὰρ
402 3436 677 3506 παρθένου
706 3434 800 3488 καὶ
844 3434 944 3502 τῆς
1008 3434 1264 3503 τοιαύτης
1295 3433 1569 3495 πολιτείας
1625 3434 1717 3485 καὶ

156 3530 281 3597 ζωῆς
318 3528 859 3599 εὐσχημονέστερονς
901 3545 919 3577 ι
949 3527 1057 3579 Καὶ
1093 3525 1452 3597 εὑπρόσεδρον
1482 3525 1561 3595 τῷ
1608 3526 1718 3577 Κυ-

159 3608 265 3690 ρίῳέ
323 3640 341 3673 ι
375 3622 452 3675 Οὐ
480 3621 587 3692 γὰρ
621 3620 784 3686 λέγω,
813 3619 965 3687 φησι,
990 3618 1184 3680 ταῦτα,
1238 3618 1324 3671 ἵνα
1354 3616 1547 3687 βρόχον
1590 3618 1717 3685 ὑμῖν

158 3715 238 3763 καὶ
256 3711 789 3781 ἀνάγκηνὲπιὸἀλω,
825 3710 961 3763 ἀλλά
1012 3711 1147 3780 πρὸς
1172 3709 1233 3762 τὸ
1296 3708 1570 3777 εὔσχημον
1623 3710 1716 3762 καὶ

158 3802 570 3874 ἀπερισπάστως
604 3802 965 3874 εὐπρόσεδρον
987 3800 1063 3870 τῷ
1085 3800 1274 3871 Κυρίῳ
1303 3801 1530 3867 ἀγαγεῖν
1574 3799 1717 3869 ὑμᾶς

165 3893 491 3964 βουλόμενος.
544 3896 702 3949 Ἐστι
741 3895 796 3948 δὲ
829 3893 1212 3965 εὐπρόσεδρον,
1244 3891 1305 3946 τὸ
1350 3890 1588 3962 εὐχερῶς
1616 3908 1720 3943 πα-

164 3987 437 4055 ραμένονῆ
484 3984 771 4053 διηνεκῶς,
819 3986 1261 4054 ἀμετεωρίστως,
1322 3982 1711 4053 ἀφροντίστως.

166 4094 182 4126 ι
224 4078 279 4128 Et
306 4077 361 4129 δέ
395 4094 481 4138 τις
505 4078 857 4146 ἀσχημονεῖν.
902 4093 922 4126 ι
966 4075 1247 4128 Ἀτθένεια
1275 4073 1485 4143 φύσεως
1508 4071 1717 4144 ἀνθρώ-

163 4184 252 4220 που
273 4168 330 4221 τί,
358 4168 605 4238 νομίζειν
630 4168 981 4236 ἀσχημονεῖν,
1031 4167 1148 4233 εἴγε
1180 4167 1278 4236 τὴν
1325 4164 1517 4219 ἑαυτοῦ
1552 4166 1718 4233 θυγαο

161 4258 275 4329 τέρα
304 4262 561 4327 φυλάττει
578 4259 868 4328 παρθένον,
902 4259 996 4311 καὶ
1026 4258 1144 4327 Θεῷ
1179 4260 1490 4328 ἀφιεροῖ.-
1514 4256 1715 4330 [ΦΩΤ.”1

163 4349 217 4402 El
245 4351 295 4403 δέ
322 4369 422 4415 τις,
457 4352 647 4420 φησὶν,
681 4350 1066 4420 ἀσχημοσύνην
1090 4351 1298 4421 νομίζει
1328 4351 1516 4421 φέρειν
1544 4349 1713 4418 αὐτῷ,

165 4441 425 4495 ἀνέκδοτον
451 4442 621 4512 γάμῳ
641 4441 928 4510 φυλάττειν
961 4442 1099 4495 οἴκοι
1122 4443 1223 4511 τὴν
1253 4441 1527 4512 θυγατέρα
1574 4458 1717 4510 παρ-

1827 597 2077 662 terimus,
2108 599 2154 653 si
2190 613 2301 653 non
2332 598 2505 654 simus
2535 601 2854 671 conjugati?
2875 602 3008 668 Quis
3041 605 3190 658 enim
3235 621 3399 660 curas

1824 688 2037 757 ignorat
2062 691 2416 746 mundanas?
2447 710 2467 743 ι
2520 693 2621 759 Qui
2652 693 2853 748 caelebs
2880 702 2961 748 est
2997 705 3155 749 curat
3180 713 3241 751 ea
3272 714 3395 765 qua:

1823 788 1953 834 sunt
1983 780 2219 836 Domini.
2264 800 2283 834 ι
2326 782 2468 836 Vide
2495 785 2770 851 quomodo
2800 800 2900 854 per
2942 800 3089 839 cura:
3131 787 3395 842 ditleren-

1823 872 1952 927 tiam
1984 872 2147 943 487
2165 875 2231 926 ad
2266 873 2636 944 virginitatem
2662 876 3008 931 adhortetur.
3042 877 3177 932 Nam
3201 895 3396 934 curare

1820 979 1884 1018 ea
1906 980 2029 1034 qua:
2053 965 2267 1019 Domini
2296 974 2446 1030 sunt,
2477 981 2587 1021 non
2634 975 2717 1022 est
2743 970 3044 1023 sollicitum
3101 984 3249 1035 esse,
3301 973 3395 1025 sed

1820 1063 1904 1107 est
1935 1057 2103 1110 salus.
2133 1056 2287 1112 Unde
2313 1059 2567 1127 superius
2605 1057 2742 1113 dicit
2780 1074 2791 1108 :
2831 1079 2848 1108 ι
2884 1060 3059 1129 Cupio
3092 1070 3275 1115 autem
3302 1079 3397 1117 vos

1822 1141 2028 1210 absque
2043 1145 2414 1200 sollicitudine
2437 1163 2581 1202 esse.
2599 1166 2617 1199 ι
2636 1165 2727 1198 -ι
2742 1147 2925 1202 Divisa
2947 1158 3029 1201 est
3052 1152 3339 1221 conjugata
3366 1168 3396 1205 a

1820 1234 2055 1303 virgine.
2090 1254 2108 1287 ι
2151 1253 2169 1286 ι
2209 1236 2395 1291 Divisa
2422 1246 2527 1301 est,
2584 1256 2601 1288 ι
2661 1240 2765 1294 hoc
2812 1249 2917 1303 est,
2979 1255 3088 1294 nou
3142 1244 3392 1297 eamdem

1821 1324 2026 1380 habent
2083 1342 2295 1390 curam.
2331 1327 2427 1382 sed
2458 1327 2655 1383 studiis
2691 1329 2881 1384 divisae
2912 1340 3060 1385 sunt.
3109 1331 3392 1399 Siquidem

1818 1418 1994 1489 virgo,
2016 1420 2213 1489 inquit,
2237 1429 2392 1475 curat
2420 1436 2485 1477 ea
2508 1438 2630 1492 qua:
2651 1434 2777 1479 sunt
2811 1425 3049 1492 Domini,
3073 1434 3135 1480 ut
3167 1440 3396 1495 corpore

1818 1516 1875 1560 et
1923 1508 2123 1576 spiritu
2178 1520 2368 1563 sancta
2423 1510 2540 1564 sit:
2597 1526 2832 1581 corpore
2890 1513 3113 1582 quidem
3165 1531 3396 1585 propter

1821 1600 2155 1663 castitatem,
2190 1601 2392 1669 spiritu
2437 1617 2569 1656 vero
2599 1614 2824 1672 propter
2854 1604 3287 1660 familiaritatem
3330 1610 3395 1662 ad

1819 1690 2015 1755 Deum,
2052 1702 2108 1746 et
2138 1690 2380 1761 Spiritus
2403 1696 2662 1763 paracleti
2694 1695 3175 1751 inhabitationem.
3212 1718 3227 1749 ι
3264 1698 3395 1763 Quae

1818 1798 1951 1837 vero
1982 1784 2171 1852 nupsit
2207 1786 2357 1849 viro,
2401 1798 2559 1840 curat
2580 1802 2643 1841 ea
2674 1803 2796 1857 qua:
2817 1790 3007 1842 mundi
3050 1799 3229 1843 sunt.»
3259 1792 3392 1845 Nam

1820 1875 1943 1928 viro
1980 1875 2196 1943 placere
2225 1877 2400 1945 cupit.
2430 1876 2700 1931 Fortassis
2726 1880 2870 1932 enim
2894 1880 3122 1948 pulchra
3164 1891 3390 1950 aspectu

1820 1979 1940 2019 esse
1966 1966 2103 2030 vult,
2130 1975 2186 2020 et
2214 1966 2409 2020 domus
2463 1983 2649 2021 curam
2702 1968 2932 2034 habens,
2975 1986 3075 2024 nec
3130 1971 3393 2041 indigenti

1820 2055 2112 2127 benignam
2157 2060 2390 2130 porrigit
2418 2076 2661 2115 manum.
2718 2063 2888 2117 Vocat
2946 2073 3127 2118 autem
3164 2070 3394 2131 γυναῖκα

1816 2166 1935 2205 eam
1970 2168 2092 2221 qua:
2112 2154 2233 2207 viro
2264 2164 2433 2223 nupta
2477 2163 2581 2218 est,
2612 2169 2808 2225 nempe
2834 2171 3059 2211 uxorem
3092 2157 3208 2211 sive
3256 2172 3394 2211 con-

1813 2242 2076 2313 jugatam.

1894 2329 2003 2395 VH,
2038 2332 2127 2395 55,
2164 2332 2233 2387 56
2278 2332 2387 2386 Hoc
2420 2344 2596 2388 autem
2625 2335 2695 2389 ad
2717 2335 2770 2388 id
2799 2336 2939 2405 quod
2969 2337 3109 2391 vobis
3141 2339 3392 2391 conduci-

1818 2422 1921 2476 bile
1947 2432 2022 2477 est
2048 2426 2183 2489 diro,
2225 2442 2329 2478 non
2356 2427 2433 2479 uti
2463 2426 2711 2496 laqueum
2736 2427 2874 2481 vobis
2914 2430 3177 2497 iujiciam,
3205 2430 3295 2482 sed
3325 2430 3395 2482 ad

1818 2520 1873 2571 id
1904 2521 2041 2588 quod
2074 2520 2318 2573 decorum
2357 2528 2432 2573 est
2469 2529 2519 2573 et
2554 2520 2814 2574 indivulse
2848 2520 3074 2575 Domino
3120 2524 3392 2577 adluerens

1822 2610 2015 2679 absque
2060 2608 2172 2663 ulla
2230 2611 2590 2665 distractione.
2631 2609 2783 2676 Quod
2831 2614 2878 2666 si
2920 2615 3036 2683 quis
3092 2615 3395 2669 indecorum

1818 2701 2010 2771 virgini
2039 2718 2148 2755 sum
2185 2710 2358 2772 putat,
2410 2704 2454 2756 si
2500 2713 2778 2772 prwtereat
2825 2706 3050 2758 nubendi
3087 2716 3309 2775 tempus.
3344 2715 3394 2761 et

1816 2794 1892 2847 sic
1925 2802 2129 2863 oportet
2168 2794 2327 2861 ﬁeri:
2361 2795 2500 2864 quod
2525 2794 2635 2848 vult
2667 2796 2852 2865 faciat,
2897 2813 3001 2849 non
3042 2808 3242 2867 peccat,
3283 2799 3395 2852 elo-

1818 2894 1957 2938 cent.
3096 2882 3114 2890 ⁷

1890 2976 2205 3039 Sermones,
2230 2977 2430 3047 inquit,
2454 2976 2522 3031 de
2548 2977 2862 3047 virginitate
2888 2979 3054 3041 movi,
3082 2980 3263 3035 sciens
3285 2980 3392 3037 hoc

1818 3067 1977 3121 vobis
2010 3068 2140 3121 utile
2182 3083 2304 3121 esse
2335 3086 2350 3120 :
2383 3084 2491 3121 non
2523 3079 2706 3122 autem
2744 3078 2803 3122 ut
2846 3086 3033 3138 cogam
3080 3087 3174 3123 vos
3204 3081 3260 3125 et
3296 3087 3390 3123 vo-

1820 3158 1996 3212 lentes
2024 3169 2078 3211 et
2110 3160 2358 3213 nolentes
2394 3160 2447 3212 in
2486 3160 2798 3229 virginitate
2831 3160 3051 3229 degere.
3084 3161 3392 3215 Necessita-

1823 3258 1927 3302 tem
1958 3249 2105 3302 enim
2138 3258 2297 3303 vocat
2338 3250 2618 3317 laqueum.
2652 3250 2846 3305 V'iden'
2882 3267 3043 3318 quam
3073 3253 3261 3305 timeat
3295 3251 3393 3304 ali-

1819 3342 1950 3410 quid
1985 3342 2288 3410 perfectum
2324 3344 2655 3411 prazcipere?
2686 3361 2701 3392 ι
2738 3342 2841 3397 Sed
2876 3343 2939 3396 ad
2976 3344 3025 3396 id
3058 3345 3202 3410 quod
3234 3345 3395 3397 deco-

1819 3448 1940 3485 rum
1986 3442 2087 3485 est.
2133 3452 2150 3484 ι
2185 3433 2323 3498 Quid
2355 3434 2505 3487 enim
2554 3433 2763 3502 virgine
2790 3442 2846 3487 et
2885 3434 2977 3486 tali
3014 3435 3118 3486 vita
3153 3449 3215 3486 ac
3256 3452 3392 3487 eon-

1818 3525 2131 3577 versatione
2166 3524 2337 3589 magis
2370 3523 2671 3577 decorum?
2710 3543 2727 3575 ι
2771 3523 2836 3578 Ει
2866 3525 3135 3578 indirulse
3166 3525 3394 3579 Domino

1819 3616 2129 3670 adiuv-reus.
2169 3635 2185 3665 ι
2218 3616 2357 3679 Non,
2392 3616 2587 3684 inquit,
2633 3616 2749 3671 haec
2778 3616 2902 3669 dico
2946 3626 3002 3668 ιιι
3048 3617 3305 3683 laqueum
3338 3624 3395 3669 et

1817 3704 2203 3759 necessitatem
2249 3704 2408 3758 vobis
2455 3705 2718 3773 injiciam,
2765 3705 2859 3759 sed
2896 3706 3084 3758 volens
3118 3705 3395 3759 adducere

1817 3808 1879 3853 ut
1944 3798 2141 3850 decore
2212 3806 2269 3851 et
2316 3796 2636 3852 indistracte
2692 3812 2757 3851 ac
2829 3797 3100 3851 indivulse
3162 3797 3394 3851 Domino

1816 3887 2164 3942 adhaareatis.
2240 3887 2339 3941 Est
2424 3897 2609 3941 autem
2678 3888 3087 3958 εὐπρόσεδοον,
3145 3898 3393 3956 prompte

1815 3979 1903 4032 vel
1958 3978 2219 4031 continue
2280 3993 2612 4046 permanens
2669 3978 2786 4032 sine
2843 3979 3081 4031 elatione
3136 3990 3192 4032 et
3239 3994 3392 4033 cura.

1823 4087 1840 4119 s
1872 4067 2026 4134 Quod
2079 4069 2124 4122 si
2165 4069 2290 4137 quis
2339 4067 2683 4123 indecorum.
2727 4088 2746 4120 ι
2789 4070 2865 4124 Ex
2894 4081 3104 4123 natura:
3138 4069 3391 4123 humana:

1816 4160 2199 4215 imbecillitate
2245 4161 2524 4229 provenit,
2557 4168 2618 4214 ut
2649 4163 2777 4230 quis
2803 4162 3123 4216 indecorum
3148 4162 3387 4215 arbitre-

1818 4262 1909 4309 tur
1929 4255 1971 4307 si
2009 4253 2173 4307 ﬁliam
2200 4268 2357 4308 suam
2391 4263 2573 4307 servet
2604 4254 2872 4319 virginem
2908 4270 2972 4307 ac
3000 4253 3114 4308 Deo
3151 4254 3389 4307 dedicet.

1819 4344 1875 4399 Si
1910 4346 2054 4413 quis,
2115 4344 2314 4413 inquit,
2360 4343 2662 4398 arbitratur
2712 4343 2828 4397 ﬁeri
2876 4343 2981 4397 sibi
3020 4345 3074 4396 in
3125 4343 3389 4406 dedecus,

1818 4436 1964 4505 quod
1999 4436 2269 4489 illocatam
2296 4445 2479 4489 servet
2504 4435 2651 4489 domi
2684 4434 2846 4487 ﬁliam
2871 4434 2925 4487 in
2954 4434 3268 4503 virginitate
3296 4435 3393 4487 de-

165 4530 487 4595 θενεύονσαν,
519 4532 616 4583 καὶ
648 4529 820 4582 οἴεται
866 4529 1008 4583 οὕτω
1040 4529 1237 4600 μᾶλλον
1288 4530 1523 4597 ὀφείλειν
1572 4530 1715 4597 γίνε-

1819 4540 2056 4597 gentem,
2090 4536 2147 4581 et
2189 4528 2261 4580 ita
2300 4527 2480 4594 potius
2510 4526 2628 4579 ﬁeri
2668 4525 2871 4579 debere
2904 4532 3060 4593 putat
3094 4534 3153 4577 ut
3192 4527 3393 4588 elocet,

167 4622 292 4684 σθαι,
340 4618 459 4677 οἷον
526 4621 797 4685 ἐκδοῦναι,
862 4638 882 4673 ι
937 4622 1400 4675 Ποιείτωὸθέλει.
1438 4640 1456 4672 ι
1493 4623 1567 4674 Οὐ
1607 4621 1714 4690 γὰρ

168 4711 451 4763 κεκώλυται
477 4713 507 4764 ὁ
553 4711 732 4780 γάμος
758 4710 857 4780 (μὴ
892 4710 1105 4777 γένοιτο
1130 4712 1193 4779 ί),
1226 4712 1274 4762 εί
1313 4712 1408 4763 καὶ
1454 4710 1715 4779 ὑψηλότε-

169 4812 245 4863 ρον
274 4800 303 4867 ὴ
333 4798 620 4868 παρθενία.
660 4799 820 4850 Ὥστε
868 4801 915 4851 εἰ
937 4797 1236 4867 βούλονται,
1300 4800 1715 4868 ὲκγαμείτωσαν

167 4886 329 4953 αὑτὰς,
362 4891 519 4960 φησί.
555 4890 619 4941 Εἰ
652 4890 806 4950 δέτις
830 4889 1057 4957 ἕστηκεν
1084 4892 1140 4941 ἐν
1184 4890 1358 4961 ταύτῃ
1400 4892 1469 4959 τῇ
1520 4889 1716 4962 γνώμῃ

166 4978 372 5046 ἑδραῖος,
420 4984 538 5051 ἢτοι
572 4982 650 5042 είς
692 4981 752 5033 τὸ
784 4981 857 5050 μὴ
886 4981 1184 5049 ἔκγαμίσαι
1220 4983 1410 5048 αὐτὴν,
1441 4984 1515 5051 μὴ
1543 4981 1714 5035 ποιῶν

167 5069 303 5123 τοῦτο
331 5074 402 5135 ὡς
431 5074 489 5139 ἐξ
531 5073 780 5141 ἀνάγκης
854 5072 948 5125 καὶ
1005 5073 1111 5126 ἀπὸ
1162 5074 1327 5143 νόμου
1375 5073 1716 5142 κωλυόμενος

171 5160 210 5227 (ὁ
232 5164 329 5233 γὰρ
361 5163 502 5216 οὕτω
535 5163 699 5216 τοῦτο
740 5163 929 5228 ποιῶν,
970 5163 1088 5216 λίαν
1116 5163 1466 5235 ἀμαρτὰνει)’
1498 5166 1594 5218 ἐὰν
1621 5162 1715 5218 οὖν

170 5266 237 5312 τις
282 5253 431 5306 τοῦτο
477 5254 553 5315 ὡς
590 5254 666 5323 μὴ
705 5253 844 5323 ἔχων
872 5254 1114 5323 ἀνάγκην
1144 5260 1294 5326 ποιῇ,
1342 5255 1455 5309 ἀλλ’
1504 5257 1581 5320 ὡς
1621 5257 1713 5310 κύ-

172 5356 265 5409 ριος
304 5346 395 5412 μὲν
422 5346 498 5397 ὣν
549 5346 812 5415 ἑκατέρου
859 5345 1162 5414 θελήματος
1223 5348 1333 5400 ἀπὸ
1375 5347 1469 5400 τοῦ
1526 5349 1711 5419 νόμου,

173 5435 309 5497 οὗτος
329 5436 384 5489 δὲ
418 5438 782 5506 αἱρετώτερον
820 5438 1021 5506 κρίνων
1052 5438 1112 5490 τ’)
1136 5439 1210 5509 μὴ
1255 5440 1597 5510 ὲκγαμίζειν,
1620 5444 1713 5495 καὶ

172 5517 301 5588 οὗτος
324 5528 502 5592 καλῶς
551 5530 702 5580 ποιεῖ
726 5527 1008 5597 φυλάττων
1054 5531 1319 5599 παρθένον
1364 5533 1457 5585 καὶ
1516 5535 1714 5605 ἀμέρι-

176 5620 390 5688 μνοντὴν
418 5620 616 5673 ἑαυτοῦ
646 5621 937 5688 θυγατέρα.
971 5622 1206 5676 Δύναται
1230 5623 1285 5676 δὲ
1312 5623 1391 5686 τὸ,
1427 5627 1546 5695 «Μὴ
1578 5626 1714 5696 ἔχων

174 5704 434 5781 ἀνάγκην,ι
464 5713 561 5765 καὶ
578 5710 752 5774 ἄλλως
768 5711 915 5765 οὐδὲν
934 5708 1094 5784 ἦττον
1120 5714 1331 5777 οἰκείως
1359 5714 1714 5787 έκληφθῆναι,

174 5790 266 5850 οἷον
326 5802 397 5873 μὴ
440 5805 882 5875 ἀναγκαζόμενος
909 5805 969 5857 τδ
1004 5806 1242 5863 ἐναντίον
1285 5811 1457 5862 ποιεῖν
1488 5808 1591 5862 ὑπὸ
1619 5811 1716 5877 τῆς

1825 4641 1843 4673 ι
1883 4623 2066 4677 Faciat
2102 4621 2251 4690 quod
2300 4622 2437 4675 vult.
2483 4639 2503 4672 ι
2539 4622 2728 4690 Neque
2758 4621 2904 4675 enim
2946 4620 3234 4689 prohibita:
3264 4629 3392 4673 sunt

1820 4716 2045 4785 nuptiae,
2088 4715 2313 4768 minime
2345 4714 2612 4784 gentium,
2642 4727 2953 4782 quanquam
2993 4712 3279 4766 sublimior
3318 4710 3392 4764 sit

1819 4806 2124 4875 virginitas.
2168 4806 2355 4873 Itaque
2392 4803 2439 4858 si
2469 4805 2684 4867 volunt,
2718 4804 2933 4857 elocent
2983 4803 3147 4869 ipsas,
3192 4801 3387 4869 inquit.

1820 4898 1986 4969 ἥδε
2015 4896 2071 4952 Si
2106 4912 2239 4950 vero
2265 4896 2390 4964 quis
2416 4904 2523 4948 stat
2557 4895 2611 4947 in
2648 4894 2751 4947 hac
2777 4892 3051 4947 sententia
3086 4891 3297 4951 ﬁrmus,
3330 4902 3393 4944 ut

1820 5006 1930 5043 non
1959 4991 2139 5044 elocet
2179 4989 2368 5057 ipsam.
2399 5003 2507 5041 non
2536 4987 2588 5039 id
2623 5002 2791 5056 agens
2819 4996 3077 5054 tanquam
3110 5000 3174 5037 ex
3202 4998 3394 5036 neces-

1821 5082 2002 5144 sitate,
2034 5090 2089 5135 et
2124 5096 2153 5134 a
2200 5080 2316 5149 lege
2358 5079 2839 5148 prohibitusmam
2874 5078 2966 5146 qui
2999 5078 3071 5130 ita
3102 5077 3205 5129 hoc
3232 5074 3387 5139 facit,

1820 5172 2179 5227 vehementer
2205 5172 2374 5236 errat)
2408 5187 2421 5227 ι
2452 5171 2493 5223 -ςι
2526 5171 2648 5239 quis
2682 5184 2813 5239 ergo
2845 5180 3097 5237 tanquam
3140 5182 3247 5219 non
3290 5182 3389 5219 ne-

1822 5265 2077 5319 cessitate
2115 5272 2338 5317 coactus
2386 5263 2491 5316 hoc
2539 5261 2721 5323 faciat,
2767 5260 2859 5314 sed
2907 5259 3062 5327 quasi
3099 5258 3389 5324 utriusque

1820 5355 2037 5411 consilii
2062 5354 2318 5408 dominus
2359 5371 2389 5408 a
2424 5354 2539 5423 lege
2574 5353 2911 5407 constitutus
2946 5368 2959 5404 :
2992 5350 3108 5419 ipse
3142 5363 3270 5401 vero
3297 5350 3389 5416 ju-

1822 5444 2014 5498 dicans
2060 5444 2360 5513 eligibilius
2402 5458 2524 5497 esse
2567 5458 2675 5497 non
2703 5442 2920 5496 elocare
2965 5457 2979 5492 :
3014 5449 3071 5495 et
3112 5439 3203 5493 hie
3248 5439 3392 5492 bene

1821 5537 1971 5600 facit,
2018 5552 2172 5590 suam
2218 5536 2383 5590 ﬁliam
2435 5551 2658 5589 servans
2697 5535 2959 5605 virginem
2994 5541 3049 5586 et
3088 5532 3206 5586 sine
3233 5545 3391 5584 cura.

1823 5628 2007 5682 Potest
2036 5636 2217 5680 autem
2242 5626 2385 5695 quod
2421 5625 2666 5679 dicitur:
2703 5645 2720 5676 ι
2755 5625 2872 5679 Non
2911 5623 3119 5677 habens
3147 5620 3390 5676 necessi-

1825 5726 2011 5779 tatem,
2051 5735 2067 5767 ι
2102 5717 2210 5770 alio
2236 5732 2455 5785 quoque
2486 5715 2653 5771 modo
2681 5730 2783 5770 nec
2827 5714 3012 5768 minus
3042 5713 3265 5783 proprie
3296 5726 3392 5762 ac-

1823 5808 1953 5879 cipi,
1983 5809 2084 5864 hoc
2109 5820 2220 5864 est:
2260 5809 2362 5874 Qui
2386 5824 2495 5862 non
2527 5808 2739 5879 cogitur
2770 5822 2799 5861 a
2827 5807 2935 5862 ﬁlia
2969 5814 3029 5859 ut
3054 5804 3392 5860 contrarium
