4204 6464
749 397 857 461 743

1829 389 2236 452 (ECUMENII
2278 389 2573 451 TRICCE
2610 386 2950 450 EPISCOPI

3921 383 4032 446 744

749 513 935 568 faciat.
975 510 1029 566 Si
1077 525 1318 580 namque
1354 508 1505 563 videt
1537 521 1719 562 mores
1750 515 1846 561 aut
1875 521 2040 576 epera
2076 504 2202 558 ﬁliae
2243 518 2336 558 co-

2447 501 2728 572 θυγατρός.
2782 500 2907 554 Ἐἀν
2935 500 3042 570 ὁρᾷ
3102 496 3210 569 γὰρ
3267 497 3336 552 τά
3398 498 3496 570 τῆς
3546 497 3815 570 θυγατρὸς
3864 498 3944 561 εἰς
3969 496 4033 548 τὸ

750 623 878 678 gere
907 607 1083 675 ipsum
1110 605 1177 660 ad
1211 598 1556 663 elo‘candum,
1584 618 1694 656 non
1725 601 1884 656 debet
1913 601 2086 667 ipsam
2113 613 2336 653 servare

752 700 1043 769 virginem,
1077 711 1278 766 cogens
1303 711 1422 749 eam
1456 680 1724 749 adversus
1760 693 1812 746 id
1843 691 1990 762 quod
2018 700 2103 746 est
2141 692 2337 746 volun-

756 792 881 844 tatis
908 806 970 842 ac
992 787 1280 842 sententiae
1307 787 1500 857 ipsius.
1527 785 1826 855 Virginitas
1853 785 2001 862 enim
2025 783 2335 838 voluntaria

757 898 878 935 esse
910 882 1076 935 debet
1125 889 1183 935 et
1235 897 1345 934 non
1398 889 1606 935 coacta.
1657 879 1790 932 Nam
1840 877 2110 932 coactioni
2152 879 2334 943 iuncta

753 985 935 1043 posset
958 975 1012 1028 in
1053 974 1210 1043 pejus
1233 973 1510 1026 declinare
1541 991 1553 1023 :
1588 972 1689 1024 sibi
1738 971 1959 1040 quidem
1988 968 2203 1049 veniam
2236 967 2336 1020 tri-

755 1070 953 1127 buens,
991 1067 1055 1120 ad
1083 1083 1208 1120 eum
1242 1081 1374 1119 vero
1401 1065 1497 1134 qui
1543 1065 1714 1133 ipsam
1751 1063 2022 1131 coegisset
2043 1056 2336 1131 virginita-

757 1169 867 1212 tem
901 1171 1144 1217 servare,
1173 1156 1398 1209 absurdi
1430 1155 1656 1208 sceleris
1686 1169 1904 1206 causam
1934 1152 2339 1206 rcfercns.‘Aut

684 1300 696 1310 ,
755 1249 831 1310 id,
863 1267 880 1298 ι
900 1249 1018 1302 Non
1052 1247 1261 1300 habens
1291 1245 1698 1306 necessitatem,
1726 1264 1742 1295 ι
1771 1244 1875 1298 hoc
1904 1244 2212 1314 signiﬁcare
2241 1259 2340 1312 po-

755 1339 904 1401 terit,
935 1354 1044 1392 non
1072 1338 1280 1392 habens
1304 1337 1356 1390 id
1382 1337 1616 1391 faciendi
1646 1337 2050 1397 necessitatem,
2075 1345 2170 1389 aut
2189 1334 2336 1403 quod

757 1431 910 1493 prius
945 1431 1056 1484 Deo
1091 1431 1500 1483 consecraverit
1544 1444 1608 1482 ac
1648 1428 2014 1492 dedicaverit,
2052 1436 2147 1481 aut
2187 1426 2337 1496 quod

758 1521 866 1575 ﬁlia
898 1521 964 1574 ad
1006 1522 1108 1574 hoc
1152 1530 1332 1590 cogat.
1368 1521 1426 1573 Ei
1459 1520 1604 1574 enim
1640 1518 1734 1588 qui
1779 1518 1848 1572 ab
1892 1517 2078 1587 aliquo
2138 1517 2339 1588 pradi-

766 1620 980 1662 ctorum
1011 1609 1394 1663 necessitatem
1422 1606 1590 1660 habet
1615 1622 1724 1660 non
1744 1605 1994 1661 elocandi
2013 1606 2079 1660 ad
2097 1614 2335 1677 nuptias,

759 1717 859 1754 nec
889 1701 1039 1755 aliud
1090 1700 1320 1754 suadere
1364 1700 1516 1761 licet,
1563 1714 1665 1753 nec
1715 1699 1876 1752 aliain
1912 1701 2244 1753 sententiam
2281 1699 2336 1752 in

756 1792 922 1847 corde
953 1792 1203 1846 meditari
1235 1811 1248 1845 :
1295 1792 1405 1845 imo
1438 1805 1616 1860 neque
1650 1790 1933 1860 peragenti
1971 1800 2182 1844 tantum
2216 1791 2336 1845 laus

2441 591 2771 664 ὲκγαμίζειν
2802 591 2970 645 αὑτὸν
3001 591 3401 660 ἀναγκάζοντα,
3426 593 3526 646 οῦκ
3572 592 3782 662 ὀφείλει
3818 592 4034 662 παρθέ-

2440 703 2528 739 νον
2561 685 2732 754 αὑτὴν
2762 687 2970 754 τηρεῖν,
3006 685 3084 746 είς
3136 685 3198 736 τδ
3259 685 3502 736 ἐναντίον
3556 686 3730 757 αὑτὴν
3772 687 3870 738 καὶ
3929 684 4030 753 τῆς

2437 778 2614 847 ὁρμῆς
2643 778 2738 831 καὶ
2777 778 2872 844 τῆς
2907 773 3139 845 γνώμης
3169 776 3591 845 ἐκϐιαζόμενος·
3621 777 3872 831 ἑκούσιον
3896 777 4030 845 γάρ,

2440 869 2553 922 ἀλλ’
2611 870 2712 922 οὐκ
2755 869 3032 931 ἀκούσιον,
3074 867 3132 919 τὸ
3179 868 3277 934 τῆς
3333 855 3647 938 παρθενίας.
3679 868 3836 921 Ἐπεὶ
3891 870 4030 936 μετὰ

2438 960 2532 1013 τοῦ
2572 961 2854 1023 ἀκουσίου,
2887 960 2981 1011 καὶ
3033 961 3109 1020 εἰς
3146 962 3328 1030 χεῖρον
3359 960 3422 1012 ἀν
3452 960 3814 1022 ἀποκλίνειεν,
3861 960 4027 1027 ἑαυτῇ

2445 1053 2546 1120 μὲν
2578 1050 2911 1121 συγγνώμην
2941 1053 3206 1120 φέρουσα,
3274 1057 3353 1114 εἰς
3419 1053 3475 1104 δὲ
3528 1055 3619 1106 τὸν
3695 1053 4030 1124 βιασάμενον

2441 1145 2815 1214 παρθενεύειν,
2855 1145 2952 1213 τῆς
2985 1145 3216 1209 ἀτοπίας
3280 1145 3378 1217 τὴν
3437 1146 3614 1199 αἰτίαν
3654 1145 4030 1216 ἀναφέρουσα.

2441 1239 2511 1289 Ἢ
2543 1238 2602 1290 τὸ
2630 1279 2643 1301 ,
2704 1258 2722 1290 ι
2770 1232 2859 1304 Μὴ
2893 1239 3030 1309 ἔχων
3058 1240 3327 1310 ἀνάγκην,
3376 1259 3395 1292 ι
3459 1241 3551 1292 καὶ
3586 1239 3742 1292 τοῦτο
3775 1239 3842 1292 ἂν
3897 1241 4031 1290 ὑπο-

2439 1329 2760 1400 δηλὼσειεν.
2794 1332 2887 1400 Μὴ
2910 1332 3070 1400 ἔχων,
3099 1333 3284 1400 φησὶν,
3322 1333 3567 1402 ἀνάγκην
3623 1333 3781 1386 τοῦτο
3830 1333 4031 1393 ποιεῖν,

2441 1422 2473 1491 ἦ
2509 1423 2583 1485 ὼς
2619 1421 3043 1494 προαοριεθὼσας
3076 1423 3154 1493 τῷ
3213 1423 3361 1492 Θεῷ.
3421 1427 3515 1476 καὶ
3546 1424 3763 1486 ἀναθεὶς
3823 1425 4033 1494 παρθε-

2440 1514 2695 1584 νεύειν,ἢ
2727 1517 2802 1577 ὡς
2847 1515 2947 1584 τῆς
2987 1515 3261 1585 θυγατρὸς
3306 1518 3399 1570 ἐπὶ
3450 1517 3608 1570 τοῦτο
3674 1533 4032 1583 καταναγκα-

2443 1607 2664 1678 ζούσης.
2696 1608 2770 1660 Τδ
2798 1609 2908 1678 γάρ
2942 1609 3052 1662 ὑπό
3083 1627 3226 1672 τινος
3257 1610 3366 1662 τῶν
3423 1611 3732 1681 εἰρημένων
3779 1611 4032 1678 ἀνάγκην

2443 1695 2620 1764 ἔχοντι
2703 1695 2777 1766 μὴ
2829 1697 3172 1768 ἐκγαμίζειν,
3218 1698 3338 1751 οὐδὲ
3411 1699 3802 1768 βουλεύσασθαι
3851 1700 4030 1762 ἄλλως

2441 1788 2540 1846 ἔνι,
2594 1787 2715 1842 οὐδὲ
2777 1789 2961 1859 κρίσιν
3007 1790 3174 1860 ἀλλην
3223 1791 3280 1843 ὲν
3329 1793 3394 1862 τῇ
3439 1792 3633 1863 καρδίᾳ.
3700 1793 4026 1862 μελετῆσαι.

759 1887 1044 1951 tribuitur,
1097 1894 1364 1953 quantum
1417 1900 1525 1938 non
1577 1885 1858 1955 peragenti
1912 1884 2330 1949 condemnatio,

2462 1880 2603 1934 ’Λλλ“
2630 1881 2750 1934 οὐδὲ
2781 1882 3116 1935 ἐπιτελοῦντι
3169 1883 3485 1954 τηλικοῦτος
3539 1887 3566 1936 ὁ
3605 1885 3824 1948 ἔπαινος
3850 1925 3866 1949 ,
3906 1887 4033 1940 ὅσον

756 1993 930 2044 eaque
956 1977 1264 2046 multiplex.
1294 1977 1397 2043 Qui
1430 1991 1615 2031 autem
1645 1976 1852 2045 absque
1885 1978 2214 2032 necessitate
2241 1977 2335 2031 de.

759 2069 934 2122 crevit
985 2069 1038 2121 in
1091 2069 1259 2122 corde
1307 2070 1412 2122 hoc
1464 2069 1646 2122 facere
1684 2086 1697 2120 :
1737 2069 1780 2121 si
1819 2069 2089 2137 virginem
2133 2078 2335 2131 servat,

757 2161 1036 2230 egregium
1078 2161 1332 2230 prrcstitit
1363 2161 1578 2215 facinus
1613 2178 1624 2213 :
1675 2161 1721 2214 si
1749 2175 1880 2215 vero
1911 2161 2088 2216 elocet
2116 2161 2181 2216 ad
2235 2179 2340 2215 nu-

765 2256 930 2322 ptias,
964 2255 1190 2307 omnino
1237 2270 1346 2307 non
1397 2255 1663 2322 peccavit.
1694 2274 1710 2306 ι
1747 2254 1902 2320 Quod
1949 2257 2066 2308 vult
2097 2256 2280 2310 faciat.
2315 2275 2333 2307 ι

760 2347 884 2400 Sive
912 2347 1114 2410 tradat,
1150 2348 1349 2416 inquit,
1381 2347 1659 2415 conjugio,
1690 2347 1802 2400 sive
1839 2361 2023 2402 servet
2047 2349 2338 2417 virginem,

761 2439 898 2492 bene
937 2439 1086 2502 facit,
1123 2448 1377 2492 neutrum
1410 2438 1557 2491 enim
1584 2447 1866 2508 peccatum
1896 2446 1999 2492 est.
2037 2440 2223 2495 Placet
2246 2457 2342 2494 au-

761 2537 869 2581 tem
906 2529 1078 2598 magis
1113 2528 1156 2581 si
1193 2536 1376 2582 servet
1410 2528 1703 2598 virginem,
1737 2537 1796 2581 ut
1842 2529 1896 2582 in
1933 2544 2224 2600 progressu
2259 2531 2342 2584 di-

761 2619 838 2672 cit
886 2636 899 2671 :
953 2639 970 2671 ‹
1031 2618 1209 2688 Cupio
1251 2634 1350 2674 vos
1399 2618 1520 2673 sine
1557 2618 1932 2673 sollicitudine
1980 2635 2124 2684 esse,
2170 2638 2186 2671 ι
2227 2621 2342 2676 sive

761 2712 1024 2780 virgines.

834 2808 944 2864 γη.
981 2807 1068 2872 3'1,
1102 2807 1190 2860 38.
1219 2806 1320 2872 Qui
1345 2824 1463 2860 vero
1483 2815 1589 2861 stat
1617 2807 1804 2876 ﬁrmus
1831 2809 1882 2861 in
1909 2809 2082 2871 corde,
2113 2825 2214 2862 non
2249 2811 2344 2862 ha-

762 2898 883 2950 bens
916 2901 1270 2952 necessitatem
1299 2939 1312 2962 ,
1351 2901 1442 2952 sed
1472 2909 1780 2968 potestatem
1815 2902 2004 2953 habens
2045 2903 2184 2953 circa
2220 2919 2345 2972 pro—

763 2987 948 3054 priam.
980 2988 1348 3041 voluntatem:
1389 2997 1438 3040 et
1474 2993 1566 3042 hoc
1605 2991 1826 3044 decrevit
1867 2991 1920 3043 in
1963 2994 2116 3043 corde
2151 3009 2244 3045 suo
2291 3001 2346 3044 ut

761 3085 926 3127 servet
957 3093 1110 3128 suam
1137 3078 1410 3145 virginem,
1441 3079 1567 3130 bene
1593 3079 1739 3148 facit.
1773 3080 1964 3150 Itaque
1987 3091 2033 3133 et
2063 3084 2152 3150 qni
2179 3083 2348 3136 elocat

2446 1973 2522 2042 μὴ
2546 1972 2880 2026 ἐπιτελοῦντι
2945 1975 3003 2028 τὸ
3052 1976 3388 2046 κατάκριμα,
3445 1976 3580 2030 ἀλλά
3605 1976 4030 2032 πολλαπλάσιον.

2452 2066 2551 2125 Ὂς
2592 2065 2648 2117 δὲ
2678 2067 2848 2134 χωρὶς
2871 2067 3113 2134 ἀνάγκης
3161 2066 3319 2120 τοῦτο
3355 2067 3580 2137 κέκρικε
3607 2071 3780 2120 ποιεῖν
3843 2071 3901 2120 ὲν
3964 2073 4030 2137 τῇ

2441 2155 2680 2226 καρδία,
2741 2157 3008 2226 παρθένον
3066 2157 3166 2226 μὲν
3221 2158 3380 2227 ἔχων,
3436 2160 3578 2228 μέγα
3640 2159 4030 2231 κατώρθωσεν,

2441 2247 2751 2316 ἑκγαμίσας
2798 2249 2876 2313 δὲ,
2931 2248 3085 2301 οὐδὲν
3155 2249 3290 2312 ὅλως
3343 2249 3612 2318 ἥμαρτεν.
3678 2269 3697 2302 ι
3758 2252 3824 2304 ὐ
3883 2251 4034 2304 θέλει

2445 2341 2685 2403 ποιείτω,
2721 2359 2740 2391 ι
2784 2369 2852 2380 -
2882 2339 3223 2411 ῘΟΙΚΟΥΜ.]
3250 2341 3374 2393 Εἴτε
3403 2342 3778 2411 ἐκγαμισάτω,
3840 2344 4032 2411 φησὶν,

2440 2430 2550 2484 είτε
2580 2431 2815 2502 τηρείτω
2879 2431 3171 2503 παρθένον.
3232 2432 3534 2503 Οὑδέτερον
3587 2434 3695 2504 γάρ
3754 2434 4028 2504 ἁμαρτία.

2446 2526 2668 2578 Εὑδοκεῖ
2697 2525 2753 2577 δὲ
2790 2525 2989 2596 μᾶλλον
3041 2525 3070 2576 ὁ
3123 2525 3408 2594 φυλάττων
3461 2526 3726 2597 παρθένον
3771 2527 3848 2590 ὼς
3899 2543 4039 2596 προ-

2444 2616 2564 2679 ῖὼν,
2596 2617 2750 2685 φησι,
2791 2636 2807 2668 ι
2847 2616 2997 2668 Θέλω
3027 2615 3172 2686 ὑμᾶς
3203 2614 3536 2687 ἀμερίμνους
3580 2612 3740 2681 εἶναι,
3780 2634 3800 2668 ι
3860 2619 4036 2687 ἤγουν

2449 2708 2778 2778 παρθένους.

2537 2802 2632 2865 ’ος
2659 2800 2726 2852 δὲ
2760 2801 3021 2867 ἕστηκεν
3046 2802 3279 2870 ἑδραῖος
3306 2804 3374 2856 ἐν
3405 2802 3479 2870 τῇ
3511 2802 3722 2869 καρδίᾳ
3753 2801 3842 2872 μὴ
3873 2802 4037 2872 ἔχων·

2447 2889 2740 2958 ἀνάγκην,
2775 2891 3062 2954 ἐξουσίαν
3092 2893 3158 2946 δὲ
3190 2895 3310 2962 ἔχει
3339 2894 3471 2959 περὶ
3501 2893 3604 2947 τοῦ
3633 2893 3790 2947 ἰδίου
3851 2895 4038 2960 08.173-

2443 2999 2652 3052 ματος,
2732 2985 3043 3038 καὶστοῦτο
3087 2985 3362 3052 κέκρικεν
3419 2987 3490 3036 ἐν
3539 2984 3612 3051 τῇ
3665 2984 3878 3052 καρδίᾳ
3925 2989 4038 3040 αὐ-

2450 3074 2690 3128 τοῦτοῦ
2721 3076 2924 3142 τηρεῖν
2988 3076 3105 3143 τὴν
3152 3077 3370 3131 ἑαυτοῦ
3445 3080 3765 3145 παρθένον,
3832 3082 4038 3144 καλιὰς

766 3165 835 3217 ml
871 3167 1103 3234 nuptias,
1137 3167 1264 3220 bene
1298 3169 1446 3237 facit,
1497 3171 1586 3240 qui
1626 3187 1746 3223 vero
1786 3188 1887 3225 non
1925 3173 2114 3239 elocat,
2158 3175 2339 3229 melius

2450 3167 2623 3220 ποιεῖ.
2659 3168 2840 3220 Ὥστε
2885 3169 2979 3221 καὶ
3016 3171 3046 3222 ὀ
3083 3168 3408 3238 ἐκγσμίζωι·
3430 3169 3626 3235 καλῶς
3665 3169 3826 3223 ποιεῖ
3857 3187 3870 3199 ·
3905 3173 3939 3224 o'
3971 3171 4038 3223 δὲ

766 3256 910 3323 furit.

837 3346 1003 3416 [‘89
1034 3347 1199 3400 Vides
1221 3350 1497 3417 quomodo
1518 3351 1698 3404 statim
1726 3351 1794 3405 ab
1823 3352 1984 3406 initio
2013 3369 2138 3407 eum
2170 3354 2344 3409 admi-

769 3447 922 3489 ratur
954 3438 1044 3504 qui
1073 3454 1184 3489 serv
1200 3447 1252 3490 at
1287 3456 1439 3493 suam
1468 3441 1774 3511 virginem?
1805 3462 1821 3491 ι
1859 3444 1960 3509 Qui
1996 3453 2102 3497 stat
2132 3444 2340 3510 firmus,

768 3523 969 3593 inquit.
1002 3526 1054 3576 in
1082 3526 1246 3580 corde
1274 3543 1396 3581 suo.
1439 3549 1456 3578 ι
1487 3531 1625 3582 Nam
1655 3532 1699 3584 is
1734 3532 1827 3600 qui
1858 3546 2083 3601 propter
2115 3534 2341 3588 indeco-

768 3631 912 3674 rum,
948 3626 1007 3668 ut
1045 3617 1352 3683 videbatur,
1387 3621 1574 3674 omisit
1599 3637 1663 3675 ac
1689 3633 1919 3691 nuptum
1953 3627 2207 3684 elocavit.
2233 3643 2342 3680 non

769 3707 924 3760 stetit
959 3708 1011 3760 in
1051 3724 1216 3775 opere
1255 3709 1346 3763 Dei
1386 3713 1595 3765 firmus.
1648 3731 1666 3763 ι
1716 3713 1832 3767 Non
1867 3715 2078 3768 habens
2105 3719 2344 3770 necessi-

771 3805 958 3851 tatem.
1005 3818 1022 3850 ›
1063 3801 1166 3865 Qui
1217 3816 1328 3854 non
1362 3801 1553 3861 habet.
1591 3803 1788 3872 inquit,
1819 3806 2197 3860 necessitatem
2235 3824 2344 3862 non

769 3889 1020 3943 elocandi
1054 3891 1221 3943 illatn.
1256 3891 1477 3961 Alioqui
1525 3893 1670 3947 enim
1708 3911 2052 3965 nequaquam
2082 3898 2219 3951 adeo
2248 3899 2345 3951 ad-

773 3978 1058 4031 mirandus
1083 3990 1228 4033 esset
1255 3981 1298 4033 si
1330 3998 1439 4034 non
1463 3982 1740 4037 elocarct:
1766 3985 2077 4038 necessitati
2112 4003 2345 4057 namque

773 4087 914 4140 Opus
944 4072 1064 4141 ejus
1107 4073 1506 4126 attribueretur
1548 4085 1603 4128 et
1644 4091 1752 4130 non
1799 4076 1899 4145 ipsi
1935 4094 1947 4130 :
1983 4094 2130 4134 nunc
2162 4088 2345 4134 autem

777 4173 886 4216 tota
915 4179 1001 4215 res
1032 4172 1114 4217 est
1140 4164 1206 4216 ad
1237 4165 1358 4232 ejus
1389 4166 1642 4233 gloriam,
1673 4177 1728 4222 et
1757 4169 1906 4237 piam
1926 4170 2134 4239 Deique
2163 4174 2350 4228 cultri-

775 4269 892 4306 cem
923 4253 1270 4307 electionem.
1308 4254 1590 4324 Siquidem
1617 4258 1712 4326 qui
1748 4258 1952 4313 invitus
1973 4271 2026 4314 et
2051 4277 2115 4314 ex
2156 4279 2348 4318 neces-

778 4342 938 4395 sitate
984 4358 1138 4395 suam
1175 4356 1359 4397 servat
1407 4346 1700 4415 virginem,
1747 4364 1869 4418 qua:
1893 4359 1976 4404 est
2017 4352 2092 4406 illi
2140 4356 2350 4424 gratia?

777 4434 880 4500 Qui
915 4452 1046 4490 vero
1077 4435 1283 4491 Christi
1316 4437 1616 4505 desiderio,
1647 4457 1757 4494 non
1801 4443 2012 4498 habens
2055 4449 2350 4501 necessita-

2440 3257 2526 3326 μὴ
2569 3258 2912 3327 ἐκγαμίζέον,
2945 3259 3235 3325 κρεῖσσον
3261 3261 3436 3314 ποιεῖ.

2528 3347 2688 3418 Ὁρᾷς
2721 3350 2835 3411 πῶς
2871 3352 2931 3401 ἐκ
2958 3352 3262 3420 προοιμίων
3297 3351 3565 3421 θαυμάζει
3620 3353 3711 3404 τδν
3743 3353 4024 3423 τηροῦντα

2445 3441 2612 3510 αὐτὴν
2644 3437 2947 3506 παρθένον;
2982 3460 2998 3492 ι
3046 3444 3139 3504 Ὃς
3183 3444 3405 3512 ἕστηκε,
3456 3447 3640 3512 ςρησῖν,
3711 3446 3924 3513 ἑδραῖος
3981 3449 4040 3499 ὲν

2445 3534 2510 3600 τῇ
2547 3531 2760 3600 καρδίᾳ.
2817 3549 2835 3581 ι
2871 3532 3128 3600 Δηλονότι
3181 3535 3392 3595 ἐκεῖνος
3431 3535 3458 3586 ὁ
3499 3534 3587 3586 διά
3616 3534 3717 3603 τὴν
3771 3535 4040 3587 δοκοῦσαν

2446 3623 2835 3693 ἀσχημοσύνην
2863 3624 3131 3692 καθυφεὶς
3166 3625 3259 3676 καὶ
3302 3625 3627 3693 ἐγγαμίσας,
3661 3625 3760 3694 οὐχ
3801 3627 4041 3696 ἔστηκεν

2447 3713 2654 3782 ἑδραῖος
2677 3714 2733 3764 ὲν
2752 3713 2829 3782 τῷ
2860 3713 3004 3782 ἔργῳ
3031 3712 3124 3764 τοῦ
3155 3713 3312 3767 Θεοῦ.
3349 3734 3365 3765 ι
3415 3715 3504 3785 Μὴ
3529 3715 3666 3784 ἔχων
3698 3717 3980 3785 ἀνάγκην.
4016 3738 4034 3770 ι

2447 3807 2560 3856 Οὐκ
2587 3805 2718 3873 ἔχει,
2755 3809 2938 3875 φησὶν,
2968 3807 3214 3874 ἀνάγκην
3245 3808 3317 3875 μὴ
3348 3807 3650 3876 ὲγγαμίσαι
3707 3808 3905 3879 αὐτὴν.
3959 3805 4041 3864 Ἶί

2449 3897 2557 3965 γάρ
2590 3895 2654 3947 ἂν
2687 3894 2811 3946 οὔτε
2842 3895 3015 3958 οὕτως
3064 3895 3367 3965 θαυμάσιος
3413 3893 3481 3966 ἦν
3538 3898 3628 3968 μὴ’
3690 3902 4039 3968 ἐγγαμίζων.

2450 3990 2526 4058 Τῇ
2560 3987 2666 4056 γάρ
2691 3987 2902 4058 ἀνάγκη
2938 3988 3030 4040 καὶ
3083 3987 3180 4040 οὑκ
3212 3987 3359 4058 αὐτῷ
3407 3989 3468 4042 τὸ
3514 3989 3675 4058 ἔργον
3726 3992 4034 4058 ὲλοτῖξετθο

2451 4080 2566 4132 Νῦν
2618 4079 2673 4131 δὲ
2711 4078 2872 4131 αὐτοῦ
2902 4079 3181 4148 φιλοτιμία
3218 4081 3336 4132 ἐστὶ
3392 4080 3452 4132 τὺ
3483 4083 3618 4146 πάν,
3651 4083 3747 4135 καὶ
3780 4083 4043 4155 θεοφιλὴς

2452 4175 2796 4246 προαίρεσις.
2838 4175 2898 4226 Ὀ
2925 4176 3034 4244 γάρ
3057 4175 3206 4228 άκων
3237 4177 3330 4228 καὶ
3367 4176 3425 4240 ἐξ
3450 4178 3698 4248 ἀνάγκης
3751 4181 4043 4247 φυλάττων

2449 4269 2548 4336 τὴν
2577 4266 2770 4319 ἑαυτοῦ
2813 4265 3103 4336 παρθένον,
3139 4268 3356 4338 ἄχαρις.
3393 4267 3453 4320 Ὀ
3479 4268 3536 4320 δὲ
3562 4270 3646 4322 διά
3666 4271 3757 4322 τὸν
3801 4273 3898 4323 τοὶ
3927 4273 4044 4324 Ku-

2457 4361 2571 4429 ρίου
2624 4359 2788 4411 πόθον
2843 4359 2916 4428 μὴ
2969 4359 3108 4428 1ἔχων
3159 4360 3424 4430 ἀνάγκην,
3483 4360 3650 4413 ἁλλ’ὃ
3706 4361 4046 4417 θέλειτοῦτο

2456 4455 2627 4504 ποιεῖν
2657 4453 2984 4520 δυνάμενος,
3031 4451 3278 4519 φυλάξει,
3309 4455 3512 4514 ἐκεῖνος
3539 4452 3900 4522 θαυμάσιος.ι
3930 4459 4045 4510 Καὶ

780 4532 910 4588 tem,
941 4524 1036 4578 sed
1074 4535 1272 4594 potens
1298 4528 1444 4595 quod
1481 4530 1599 4582 vult
1643 4530 1845 4597 facere,
1899 4537 2219 4600 servaverit,
2257 4539 2339 4593 ille

2450 4543 2606 4596 τοῦτο
2636 4544 2890 4614 κέκρικεν
2926 4545 2983 4594 ἐν
3015 4546 3080 4613 τῇ
3125 4543 3322 4614 καρδία
3354 4543 3574 4598 αὐτοῦ.»
3613 4546 3868 4614 Ἐδραῖῦν
3921 4565 4045 4600 τινα

779 4617 1137 4672 admirandus
1169 4629 1272 4675 est.
1306 4639 1324 4672 ι
1364 4623 1427 4674 Ει
1466 4623 1569 4676 hoc
1598 4624 1843 4682 decrevit
1873 4629 1925 4682 in
1956 4630 2120 4686 corde
2158 4648 2279 4686 suo.
2326 4655 2344 4686 ι

780 4708 1018 4761 Firmum
1043 4711 1278 4779 aliquem
1301 4713 1507 4782 profert
1533 4714 1586 4767 in
1606 4717 1854 4770 medium
1869 4720 2167 4788 hominem,
2188 4742 2350 4794 quem

781 4817 888 4853 non
916 4803 1092 4870 potuit
1125 4803 1175 4856 id
1208 4819 1556 4859 commovere
1587 4808 1734 4876 quod
1759 4811 1903 4878 apud
1934 4811 2185 4869 homines
2229 4818 2350 4871 exi-

791 4892 1050 4946 stimatur
1082 4893 1401 4949 indecorum
1455 4897 1510 4949 in
1539 4897 1624 4952 his
1663 4915 1783 4954 esse
1825 4901 1917 4972 qui
1964 4904 2098 4959 ﬁlias
2135 4918 2354 4963 servant

783 4987 1038 5056 virgines.
1085 5005 1104 5038 ι
1149 4989 1290 5043 Bene
1324 4989 1476 5043 facit.
1529 5009 1545 5041 ι
1596 4991 1806 5046 Laudat
1840 4994 2017 5063 ipsum
2053 4997 2124 5050 ob
2153 4999 2356 5058 mentis

785 5076 1120 5130 ﬁrmitatem.
1162 5095 1180 5126 ι
1233 5078 1299 5130 Et
1327 5080 1420 5146 qui
1451 5079 1628 5134 elocat
1659 5079 1795 5150 bene
1827 5082 1973 5137 facit.
2015 5104 2032 5135 ι
2070 5085 2353 5154 Siquidem

783 5177 837 5217 et
898 5168 1029 5245 illud
1079 5171 1279 5222 bonum
1329 5180 1415 5223 est
1465 5187 1478 5222 :
1528 5188 1706 5241 nequc
1753 5176 1896 5227 enim
1939 5188 2221 5245 peccatum
2272 5191 2356 5235 est

785 5269 1016 5328 nuptum
1043 5261 1263 5315 elocare
1297 5279 1311 5314 :
1342 5278 1503 5316 onme
1535 5274 1717 5318 autem
1748 5267 1893 5334 quod
1916 5283 2024 5321 non
2053 5278 2136 5323 est
2164 5286 2359 5339 pecca-

787 5361 923 5411 tum,
951 5353 1241 5407 honestum
1266 5364 1368 5408 est.
1393 5354 1497 5420 Qui
1526 5373 1656 5412 vero
1681 5373 1788 5411 non
1812 5359 2009 5424 elocat,
2036 5363 2356 5431 pra-clarum

694 5468 701 5473 -
785 5443 1062 5511 quoddam
1117 5460 1256 5512 opus
1305 5445 1437 5499 facit
1481 5447 1628 5515 quod
1676 5449 1874 5503 melius
1907 5459 2011 5503 est.
2057 5451 2358 5508 Considera

787 5547 970 5590 autem
1009 5539 1156 5608 quod
1197 5555 1266 5593 ex
1306 5540 1503 5594 borum
1537 5542 1934 5614 dijudicatione
1980 5548 2206 5602 suadeat
2248 5565 2358 5603 non

785 5629 1004 5684 elocare
1027 5641 1282 5702 nuptum.

861 5720 971 5784 VII,
1001 5723 1089 5786 39,
1121 5724 1211 5780 40.
1245 5723 1391 5780 Uxor
1423 5725 1533 5798 lege
1565 5728 1732 5799 ligata
1769 5738 1845 5785 est
1866 5729 2101 5801 quandiu
2128 5734 2249 5786 vivit
2282 5735 2362 5786 vir

788 5811 935 5875 eius:
965 5816 1101 5884 quod
1129 5818 1175 5869 si
1208 5817 1478 5873 dormierit
1502 5823 1580 5874 rir
1607 5822 1740 5894 ejus,
1772 5821 1933 5876 libera
1963 5829 2039 5877 est
2072 5833 2126 5876 nt
2152 5825 2236 5878 cui
2253 5825 2360 5878 vult

2456 4636 2771 4689 ὑποτίθεται
2804 4636 3109 4706 ἄνθρωπον,
3139 4636 3196 4689 δν
3228 4637 3326 4688 οὐκ
3365 4637 3549 4706 ἴσχυσε
3588 4638 3852 4692 σαλεῦσαι
3887 4641 3920 4709 η
3952 4641 4046 4693 δο-

2455 4727 2628 4780 κοῦσα
2676 4728 2822 4800 παρὰ
2845 4732 2955 4792 τοῖς
3009 4729 3317 4799 ἀνθρώποις
3365 4730 3742 4802 ἀσχημοσύνη,
3789 4735 3885 4784 ἐπὶ
3931 4736 4044 4787 τῶν

2455 4819 2829 4886 φυλαττόντων
2887 4821 3190 4888 παρθένους
3245 4825 3343 4886 τὰς
3390 4821 3716 4891 θυγατέρας.
3765 4841 3783 4874 ι
3839 4825 4046 4889 Καλῶς

2455 4913 2616 4966 ποιεῖ.
2657 4933 2675 4964 ι
2743 4914 2986 4966 Ἐπαινεῖ
3019 4915 3179 4967 αὑτὸν
3211 4919 3310 4985 τῆς
3360 4915 3577 4984 ἑδραίας
3630 4914 3883 4984 γνώμης.
3930 4920 4045 4971 Καὶ.

2454 5004 2482 5054 ὁ
2537 5003 2853 5071 ὲγγαμίζων
2904 5003 3079 5067 καλῶς
3163 5006 3325 5058 ποιεῖ.
3396 5035 3466 5046 -
3515 5005 3863 5077 [01ΚοΥΜ.]
3933 5008 4045 5059 Καὶ

2456 5097 2631 5148 ἐκεῖνο
2667 5096 2784 5165 μὲν,
2827 5097 2982 5166 φησὶ,
3016 5099 3198 5152 καλόν.
3237 5098 3312 5150 Οὐ
3370 5098 3479 5168 γάρ
3543 5100 3786 5169 ἁμαρτία
3816 5102 3882 5152 τὺ
3949 5103 4045 5168 ἑγ-

2457 5187 2732 5254 γαμίζειν.
2781 5188 2896 5240 Πᾶν
2953 5188 3061 5240 δὲὸ
3100 5189 3198 5258 οὐχ
3266 5191 3531 5262 ἁμαρτία,
3584 5191 3767 5244 καλόν.
3808 5193 3866 5245 Ὀ
3889 5194 3949 5248 δέ
3979 5213 4043 5262 γε

2463 5276 2536 5346 μὴ
2565 5277 2900 5346 ὲγγαμίζων,
2943 5278 3038 5330 καὶ
3061 5281 3394 5350 κατόρθωμά
3427 5299 3477 5341 τι
3518 5283 3765 5351 πράττει,
3799 5283 3827 5334 ὂ
3857 5286 4044 5354 κρεῖτ-

2461 5370 2550 5422 τόν
2595 5371 2762 5424 ἐστιν.
2803 5373 2943 5440 Ὅρα
2974 5373 3029 5425 δὲ
3063 5373 3181 5436 πῶς
3213 5376 3277 5426 ὲκ
3313 5375 3410 5444 τῆς
3450 5375 3812 5444 συγκρίσεως,
3862 5377 3928 5430 τὸ
3965 5379 4043 5448 μὴ

2461 5462 2785 5532 ἐγγαμίζειν
2815 5480 2876 5514 συ
2886 5463 3192 5532 μϐουλεύει.

2535 5732 2703 5799 Γυνὴ
2762 5732 2994 5786 δέδεται
3058 5734 3236 5802 νόμῳ,
3284 5735 3374 5803 ἐφ’
3420 5734 3570 5787 ὅσον
3626 5737 3852 5804 χρόνον
3897 5735 3965 5804 ζῇ
4012 5741 4047 5791 ὁ

2464 5826 2619 5893 ἀνὴρ
2645 5826 2858 5895 αὐτῆς.
2897 5825 3039 5880 Ἐὰν
3064 5825 3246 5882 δὲκαὶ
3291 5825 3547 5896 κοιμηθῇ
3580 5830 3610 5882 ὁ
3633 5826 3812 5894 ἀνὴρ,
3866 5827 4047 5884 Aleti-
