4204 6464
141 388 253 454 749

1069 387 1453 450 (ἰΟἶιῘΜΕΝἘ.
1486 385 1569 446 IN
1609 384 1851 446 EPIST.
1875 385 1904 444 Ι
1942 383 2043 442 AD
2081 384 2440 445 COIHNTH.

3278 389 3384 449 ῖῐιϋ

138 503 266 561 λους
296 500 453 564 θεοὺς
484 499 625 554 κατὰ
655 498 812 568 χάριν
838 497 1156 567 κεκλῆσθαι.
1176 498 1383 568 ’Ὠσπερ
1408 495 1516 568 γὰρ
1543 495 1725 566 εἴρην-
1755 503 1797 558 Α

1755 503 1797 558 Α
1828 495 2032 550 multos
2085 493 2323 548 habeam
2367 495 2502 548 deos
2553 507 2618 548 ac
2665 493 2939 559 dominos,
2990 495 3152 552 nobis
3212 506 3387 551 tamen

138 607 232 642 ται
260 591 457 658 Ἀρχαὶ
479 591 573 643 καὶ
605 588 894 654 Ἐξουσίαι,
927 586 1520 658 Κνριότητες,Θρόνοι,
1553 587 1726 648 οὕτως

141 685 238 733 καὶ
279 682 417 734 θεοί.
461 698 481 732 ο
512 682 724 751 Ὠσπερ
769 681 877 732 alat
915 679 1027 732 θεοὶ
1061 678 1260 732 πολλοί.
1308 698 1326 730 ι
1371 679 1503 732 Ἀπὸ
1546 679 1725 732 κοινοῦ

137 772 222 837 τὸ,
253 792 272 823 ι
299 773 619 842 Λεγόμενοι,
646 791 664 824 ι
689 773 857 837 δέξαι.
881 772 1000 824 Εἰσὶ
1024 773 1152 840 γὰρ,
1177 771 1331 840 φησὶ,
1356 771 1485 841 παρ’
1503 771 1726 839 Ἕλλησι

140 862 255 915 0εοῖ
303 865 401 916 καὶ
445 865 622 933 κύριοι
668 863 973 932 λεγόμενοι,
1011 860 1280 930 ἀλλ’ήμίν
1317 858 1398 923 εἷς
1437 859 1592 924 Θεὸς,
1631 862 1728 914 καὶ

138 951 220 1015 εἷς
250 954 480 1024 Κύριος.
512 976 529 1006 ι
563 953 850 1022 Ἀλλ’ήμῖν
879 949 959 1017 εἷς
987 953 1120 1015 Θεὸς
1151 953 1179 1005 6
1210 954 1420 1021 Πατήρ.
1459 971 1477 1004 r
1511 953 1727 1022 Ἐπειδὴ

139 1042 318 1108 εἶπεν,
351 1066 368 1096 ι
409 1043 501 1109 Εἷς
545 1046 681 1108 θεὸς
723 1048 752 1098 ὁ
781 1046 989 1114 Πατὴρ,
1027 1045 1122 1097 καὶ
1151 1041 1232 1106 εἷς
1267 1045 1470 1114 Κύριος
1520 1041 1727 1111 Ἰησοῦς

141 1143 404 1211 Χριστὸς,
435 1157 451 1191 ν
478 1139 552 1208 μὴ
567 1138 794 1209 νομίσῃς
809 1136 1086 1205 ἀποκεκλη
1097 1135 1300 1207 ρῶσοαι
1341 1137 1437 1205 μὲν
1458 1135 1536 1205 τῷ
1555 1134 1728 1206 llatth

139 1234 220 1292 τὸ,
236 1231 395 1292 Θεὸς,
415 1229 493 1298 τῷ
522 1230 578 1282 δὲ
607 1229 736 1298 Υἱῷ,
755 1230 838 1292 τὸ,
857 1228 1082 1299 Κύριος.
1105 1227 1374 1297 Πολλαχοῦ
1392 1227 1499 1296 γὰρ
1515 1230 1567 1279 αἱ
1587 1227 1728 1295 Γρα-

147 1323 383 1388 ςαὶ,καὶ
406 1324 498 1374 τὸν
524 1321 743 1390 Πατέρα
763 1321 966 1391 Κύριον
991 1319 1268 1384 καλοῦσιν,
1295 1321 1369 1382 ὼς
1397 1321 1478 1381 τὸ,
1514 1339 1530 1370 ι
1561 1316 1728 1372 Εἶπεν

144 1418 170 1466 ὁ
203 1414 412 1482 Κύριος
440 1412 516 1481 τῷ
545 1412 736 1481 Κυρίῳ
766 1428 892 1482 μου·
928 1431 946 1462 ι
982 1413 1075 1464 καὶ
1101 1414 1192 1463 τὸν
1219 1412 1344 1464 Υἱὸν
1372 1413 1522 1475 Θεὸν,
1547 1411 1622 1473 ὡς
1647 1411 1729 1471 τὸ,

149 1523 166 1553 ι
199 1504 301 1556 Διὰ
327 1502 486 1554 τοῐτο
517 1503 701 1570 ἔχρισέ
729 1519 786 1553 σε
814 1504 840 1554 6
865 1501 996 1563 Θεὸς
1021 1502 1046 1554 6
1071 1501 1204 1564 Θεός
1233 1519 1346 1555 σου·
1387 1521 1405 1552 ι
1459 1502 1572 1565 καὶ,
1603 1521 1619 1552 ι
1640 1501 1732 1564 Ἐξ

144 1589 218 1645 ὧν
247 1595 275 1645 6
311 1590 570 1660 Χριστὸς,
599 1608 616 1640 ι
653 1591 713 1642 τὸ
741 1592 884 1643 κατὰ
924 1590 1122 1660 σάρκα,
1160 1609 1178 1641 ‹
1221 1594 1248 1644 6
1282 1591 1356 1643 ὢν
1391 1593 1480 1644 ἐπὶ
1515 1595 1734 1646 πάντων

145 1682 280 1743 θεὸς
313 1681 626 1747 salo-(136;.
667 1698 685 1731 ι
724 1681 786 1732 Εἰ
819 1681 875 1734 δέ
908 1697 990 1743 τις
1016 1683 1166 1749 λέγει
1199 1683 1290 1733 ἐπὶ
1326 1682 1534 1750 Πατρὸς
1572 1683 1732 1752 μόνον

143 1775 224 1836 τῖι,
242 1774 401 1834 Θεὸς,
422 1770 703 1840 ἁρμόζειν,
733 1771 820 1824 διὰ
846 1773 1110 1835 τὸείπείν,
1145 1791 1162 1822 ι
1188 1767 1278 1834 Εἷς
1307 1773 1455 1834 Θεὸς,
1493 1791 1510 1822 ›
1535 1769 1642 1842 ἆρά
1669 1789 1732 1840 γε

1830 603 1972 641 unus
2006 595 2091 641 est
2121 586 2284 640 Deus.
2326 604 2344 636 ι
2381 586 2500 640 Dei.
2543 603 2562 638 ο
2604 585 2750 639 Dicit
2777 587 2922 640 enim
2948 590 3171 658 angelos
3193 603 3385 642 seem.-

1827 677 1956 732 dum
2003 678 2234 746 gratiam
2283 677 2416 730 deos
2470 686 2688 732 vocatos
2727 693 2871 732 esse.
2921 677 3392 743 Quemadmodum

1827 785 2066 839 namque
2093 771 2224 824 dicti
2260 780 2392 823 sunt
2435 769 2779 838 Principatus
2825 779 2882 824 et
2929 771 3254 834 Potestates,
3286 773 3394 826 Do-

1829 862 2161 916 minationcs
2189 876 2252 915 ac
2281 862 2511 922 Throni.
2551 861 2624 914 ita
2665 873 2721 916 et
2749 863 2845 916 dii.
2885 880 2904 913 ι
2943 861 3230 928 Quomodo
3267 874 3397 919 sunt

1828 953 1902 1008 dii
1935 953 2113 1007 multi.
2150 973 2168 1004 ι
2199 953 2243 1007 Α
2267 953 2542 1007 communi
2575 967 2739 1006 sensu
2768 964 2972 1021 repete,
3015 973 3034 1004 ε
3072 955 3173 1019 Qui
3205 956 3398 1010 dicun-

1831 1054 1939 1098 tur.
1989 1065 2007 1096 ι
2043 1046 2176 1099 Nam
2215 1053 2364 1110 sunt,
2405 1045 2602 1112 inquit,
2643 1045 2788 1114 apud
2825 1046 3040 1101 Gr:ecos
3079 1049 3173 1117 qui
3200 1048 3394 1102 dicun-

1833 1146 1922 1192 tur
1953 1137 2029 1191 dii
2070 1152 2135 1191 ac
2172 1137 2412 1202 domini;
2453 1136 2614 1190 nobis
2658 1147 2840 1190 tamen
2871 1153 3016 1192 unus
3043 1149 3128 1193 est
3167 1140 3314 1194 Deus
3342 1150 3397 1193 et

1833 1243 1977 1281 unus
2017 1228 2300 1281 Dominus.
2342 1245 2360 1277 ι
2399 1228 2568 1281 Nobis
2595 1236 2777 1282 tamen
2814 1245 2958 1282 unus
2991 1239 3075 1284 est
3115 1231 3255 1284 Deus
3281 1231 3397 1300 ipse

1832 1318 2013 1372 Pater.
2062 1336 2080 1368 ι
2114 1317 2192 1370 Ex
2221 1333 2289 1371 eo
2320 1318 2465 1386 quod
2491 1319 2628 1371 dixit
2662 1337 2674 1372 :
2713 1338 2730 1368 ι
2774 1320 2931 1375 Unus
2969 1320 3116 1374 Deus
3152 1321 3265 1389 ipse
3297 1323 3395 1376 l’a-

1833 1417 1936 1471 ter,
1972 1417 2028 1462 et
2056 1424 2198 1462 unus
2227 1408 2493 1462 Dominus
2522 1409 2682 1463 Jesus
2705 1409 2979 1476 Christus,
3009 1431 3026 1460 l
3059 1427 3128 1467 ne
3153 1413 3400 1481 opineris

1833 1500 1907 1554 ita
1938 1501 2289 1570 appropriata
2309 1517 2428 1556 esse
2457 1501 2703 1565 nomina,
2730 1512 2790 1556 ut
2821 1503 2982 1556 Pater
3011 1505 3234 1572 quidem
3256 1505 3400 1558 Deus

1835 1591 2069 1656 dicatur,
2109 1593 2279 1645 Filius
2311 1608 2440 1646 vero
2466 1594 2747 1647 Dominus.
2782 1593 2918 1647 Nam
2961 1595 3258 1662 Scripturze
3287 1595 3398 1650 fre-

1835 1692 2068 1752 quenter
2090 1683 2305 1737 Patrem
2344 1697 2563 1751 quoque
2605 1683 2896 1736 Dominum
2933 1693 3152 1747 vocant,
3186 1695 3244 1738 ut
3274 1700 3398 1738 cum

1837 1773 2042 1827 dicitur
2073 1789 2087 1824 :
2118 1790 2138 1824 ι
2178 1772 2322 1825 Dixit
2352 1771 2616 1825 Dominus
2651 1771 2883 1825 Domino
2917 1787 3041 1826 meo
3075 1773 3114 1825 ¹.
3154 1792 3172 1824 i
3208 1773 3274 1827 Et
3311 1773 3402 1827 Fi-

148 1831 242 1916 καί
277 1831 656 1915 ἐπιτοῖΰιΐίοῦ
690 1831 939 1930 ’ἁρμόσει
995 1831 1106 1925 τὸ,⁷
1137 1831 1359 1931 Κύριος,
1559 1831 1618 1914 τὸ
1652 1831 1731 1914 εί·
1765 1831 1807 1885 Β

1765 1831 1807 1885 Β
1836 1865 1968 1918 lium
1985 1865 2263 1934 appellant
2288 1864 2480 1928 Deum,
2506 1871 2710 1917 utcum
2745 1864 2989 1918 dicitur:
3048 1884 3065 1914 ι
3098 1865 3394 1934 Propterea

147 1957 290 2016 πεῖν,
331 1973 348 2003 α
378 1949 471 2012 Εἷς
504 1951 705 2021 Κύριος
725 1951 936 2020 Ἰησοῦς
960 1952 1224 2022 Χριστὸς;
1257 1969 1274 2002 ι
1303 1951 1445 2004 ἈἿ.λ⁹
1467 1952 1564 2004 οὐκ
1595 1951 1730 2004 ἐστι.

148 2043 291 2109 Πρὸς
314 2041 722 2111 ἀντιδιαστολὴν
740 2042 848 2110 γὰρ
866 2042 969 2092 τὼν
992 2039 1357 2110 ψευδωνύμων
1377 2040 1511 2092 θεῶν
1529 2042 1620 2093 καὶ
1640 2060 1733 2094 zu-

151 2142 281 2204 p'ou
305 2136 384 2195 τὸ,
416 2154 432 2185 ι
462 2130 573 2197 Εἷς,
603 2153 619 2184 ι
643 2136 878 2204 εἴρηται.
907 2134 1094 2185 Πολλοὶ
1119 2132 1174 2184 δὲ
1194 2133 1436 2203 ζητοῦσι,
1462 2135 1603 2195 τίνος
1621 2134 1736 2185 ἓνε-

150 2245 243 2278 κεν
274 2227 374 2279 οὐκ
406 2225 652 2295 ἐμνήσθη
711 2225 803 2278 τοῦ
837 2226 992 2292 ἁγίου
1029 2225 1363 2293 Πνεῦματος.
1393 2225 1501 2278 Καί
1530 2241 1730 2293 φαμεν,

147 2317 226 2368 ὃτι
278 2315 412 2382 πρὸς
438 2315 706 2383 Ἕλληνας
749 2309 816 2384 ἦν
856 2315 885 2366 6
930 2314 1087 2382 λόγος
1129 2314 1297 2385 αὐτῷ,
1341 2316 1465 2378 τοὺς
1505 2316 1732 2378 πολλοὺς

150 2406 307 2469 Οεοῦς
353 2409 444 2459 καὶ
489 2406 709 2476 κυρίους
751 2406 1028 2474 λέγοντας.
1055 2406 1330 2477 Ἐφοϐἠϐη
1374 2404 1467 2460 οὖν
1509 2410 1598 2460 καὶ
1638 2408 1731 2460 τοῦ

150 2495 472 2563 Πιεύματος
510 2495 840 2565 μνησοῆναι,
877 2497 950 2564 μή
983 2514 1097 2558 πως
1129 2501 1220 2548 καὶ
1255 2497 1383 2564 παρ’
1409 2498 1538 2565 ἡμῖν
1571 2497 1732 2549 7:0?»-

150 2590 300 2640 (λεῖαι
341 2583 482 2638 εἶναι
527 2587 810 2654 νομίσωσι.
855 2587 946 2638 Διὸ
991 2588 1084 2640 καὶ
1126 2585 1300 2648 οὕτως
1342 2587 1599 2654 ἀσφαλῶς
1641 2587 1733 2638 τοῦ

154 2679 369 2746 Πιτρὸς
400 2677 491 2729 καὶ
513 2676 754 2741 τοῦῚΥἰοῦ
781 2677 1048 2746 ἐμνήσθη·
1078 2678 1170 2728 τὸν
1197 2679 1292 2745 μὲν
1320 2678 1536 2746 Πατέρα
1566 2677 1733 2729 εἰπὼν

148 2769 241 2819 ἕνα
269 2766 428 2828 Θεὸν,
453 2766 538 2817 ῐνα
573 2769 646 2832 μὴ
667 2765 762 2816 δύο
790 2765 943 2826 θεοὺς
972 2765 1256 2833 νομίσωσι,
1287 2766 1374 2816 τὸν
1402 2767 1458 2817 δὲ
1487 2766 1613 2818 Υἰὸν
1642 2766 1734 2818 ἕνα

150 2859 379 2926 Κύριον,
413 2856 498 2908 ῖνα
541 2857 615 2926 μὴ
647 2856 740 2907 δύο
766 2855 1326 2923 Κυρίονςνομίσωσιν.
1361 2856 1422 2907 Ι·ζί
1449 2859 1556 2926 γὰρ
1591 2854 1732 2922 εἷπε,

149 2949 280 3002 Θεὸν
325 2950 420 3000 καὶ
449 2948 603 3010 Θεὸν,
651 2946 940 3000 πολυθεῖαν
982 2947 1046 2999 ἂν
1077 2947 1135 3010 ἐξ
1182 2947 1436 3016 ἀπειρίας
1479 2950 1734 3018 ἐνόμισαν

152 3039 440 3106 Ἕλληνες,
489 3039 521 3108 ἦ
558 3038 762 3108 Κύριον
814 3037 907 3089 καὶ
933 3036 1156 3106 Κύριον,
1210 3037 1642 3108 πολυκνριότητα
1671 3039 1735 3092 ἂν

1834 1958 1992 2010 unxit
2031 1967 2081 2010 te
2110 1958 2274 2019 Deus,
2311 1956 2457 2008 Deus
2485 1963 2612 2008 tuus
2644 1957 2685 2019 ',
2727 1974 2745 2005 ›
2781 1965 2838 2008 ct
2873 1972 2887 2006 :
2923 1975 2941 2004 ί
2982 1956 3059 2009 Ex
3089 1957 3290 2025 quibus
3318 1972 3400 2011 es:

1833 2047 2104 2108 Christus,
2141 2066 2159 2098 ι
2194 2048 2337 2116 quod
2364 2047 2427 2100 ad
2450 2062 2670 2100 carnem
2697 2047 2914 2114 attinet,
2946 2065 2964 2098 ι
2997 2046 3098 2112 Qui
3126 2055 3210 2100 est
3239 2063 3399 2116 super

1835 2138 2017 2190 omnia
2069 2138 2213 2191 Deus
2261 2137 2603 2191 benedictus.
2652 2157 2671 2188 ι
2713 2137 2868 2204 Quod
2905 2138 2950 2191 si
2998 2139 3122 2206 quis
3151 2137 3297 2191 dicat
3335 2139 3400 2192 ad

1833 2231 2010 2284 solum
2047 2231 2224 2299 aptari
2273 2231 2488 2283 Patrem
2532 2228 2680 2297 quod
2712 2230 2807 2293 ait,
2861 2227 3025 2292 l‘eus,
3065 2229 3193 2298 quia
3242 2229 3399 2292 dicit,

1841 2340 1860 2374 ι
1898 2323 2052 2378 Unus
2082 2323 2246 2385 Deus,
2293 2341 2309 2372 ι
2345 2336 2473 2374 num
2502 2319 2668 2374 etiam
2698 2319 2765 2373 ad
2799 2320 2975 2374 solum
2997 2321 3278 2390 aptabitur
3310 2321 3399 2374 Fi-

1834 2417 1967 2470 lium
2026 2416 2172 2484 quod
2235 2415 2330 2479 ait,
2389 2433 2408 2464 ‹
2475 2414 2761 2477 Dominus,
2820 2432 2838 2465 ι
2893 2429 2961 2468 eo
3007 2414 3154 2483 quod
3203 2415 3395 2468 dicat:

1842 2528 1858 2558 ι
1899 2509 2048 2563 Unus
2076 2508 2340 2560 Dominus
2367 2507 2526 2560 Jcsus
2555 2506 2807 2560 Christus
2836 2507 2858 2559 ’ἒ
2895 2525 2912 2557 ι
2957 2506 3026 2560 At
3057 2523 3164 2560 non
3200 2507 3273 2560 ita
3297 2515 3403 2561 est.

1835 2599 1969 2653 Nam
1994 2599 2061 2652 ad
2089 2598 2458 2652 iiiﬂ‘erentiai‘n
2484 2598 2620 2652 falso
2645 2599 3052 2652 nominatorum
3079 2598 3306 2653 deorum
3341 2613 3404 2653 ac

1837 2691 2186 2744 dominorum
2217 2691 2422 2744 dictum
2457 2698 2541 2742 est
2565 2690 2737 2744 Unus.
2766 2689 2918 2742 Multi
2945 2698 3126 2744 autem
3152 2699 3406 2758 qurrunt

1838 2798 1999 2850 quam
2039 2782 2109 2834 ob
2155 2797 2375 2836 causam
2421 2781 2663 2848 Spiritus
2709 2783 2882 2835 sancti
2931 2797 3039 2835 non
3071 2782 3403 2836 meminerit.

1835 2875 1902 2929 Et
1947 2875 2185 2928 dicimus
2231 2874 2378 2942 quod
2425 2874 2490 2927 ad
2536 2873 2756 2927 Graecos
2803 2873 2906 2941 ipsi
2952 2888 3134 2927 sermo
3167 2883 3287 2926 erat
3312 2875 3403 2942 qui

1837 2968 2040 3020 multos
2084 2965 2343 3019 dicebant
2390 2965 2526 3017 deos
2573 2980 2637 3018 ac
2690 2965 2962 3018 dominos.
3025 2965 3231 3017 Timuit
3276 2981 3406 3033 ergo

1839 3059 2078 3126 Spiritus
2105 3074 2322 3126 quoque
2353 3057 2533 3110 facere
2566 3057 2926 3114 mentionem.
2967 3071 3035 3110 ne
3065 3056 3204 3110 forte
3228 3056 3408 3110 multi-

151 3130 436 3198 ἐνόμισαν.
463 3128 626 3180 Ὥστε
661 3129 754 3178 καὶ
783 3126 877 3179 τοῦ
909 3127 1002 3178 νῦν
1033 3129 1206 3180 εἰπεῖν
1239 3129 1370 3180 Θεὸν
1391 3131 1607 3199 Πατέρα
1642 3131 1733 3181 καὶ
1763 3157 1803 3212 C

1763 3157 1803 3212 (ζ
1847 3150 2040 3217 plicem
2071 3149 2235 3200 etiam
2280 3147 2420 3216 apud
2464 3163 2563 3199 nos
2591 3148 2971 3201 existimarent
3005 3163 3124 3201 esse
3151 3148 3407 3201 divinita—

151 3223 355 3289 Κύριον
374 3220 464 3272 τὸν
497 3219 643 3282 Υίὸν,
672 3218 809 3289 αὕτη
838 3220 870 3288 ἡ
903 3219 1072 3273 αἰτία.
1092 3215 1200 3270 Ἷιν
1229 3221 1336 3289 γὰρ
1367 3222 1735 3289 ὑποσχόμενος

150 3313 281 3381 παρ’
305 3314 438 3380 ἡμῖν
470 3310 564 3362 ἕνα
601 3309 734 3361 Θεὸν
770 3306 937 3362 εἶναι.
977 3309 1038 3360 Εἰ
1075 3307 1168 3362 οὖν
1203 3305 1354 3362 εἶπεν
1388 3313 1480 3362 καὶ
1515 3313 1602 3363 τὸν
1628 3314 1737 3365 Πα-

150 3403 281 3470 τέρκ
311 3401 405 3452 καὶ
434 3401 524 3451 τὶν
551 3401 700 3463 Υἱὸν,
731 3401 863 3451 Θεὸν
889 3400 1158 3468 ῆΚύριον,
1179 3402 1338 3454 πᾲλιν
1366 3403 1648 3471 εὑρίσκετο
1673 3407 1735 3473 τῇ

149 3492 328 3558 οἰκείᾳ.
364 3491 657 3557 ὑποσχέσει
693 3491 815 3541 ὅσον
843 3491 976 3557 πρὸς
1001 3490 1268 3558 Ἕλληνας
1304 3493 1732 3560 ἐναντιοίμενος,

151 3582 244 3630 καὶ
283 3576 578 3629 πολυοεῖαν
616 3578 648 3646 ἦ
700 3577 1127 3644 πολυκυριὸτητα
1159 3577 1295 3628 κατὰ
1316 3578 1376 3628 τὸ
1415 3580 1736 3647 φαινόμενον

149 3671 412 3735 εἰσάγων.
468 3667 556 3718 Διὸ
588 3668 720 3718 Θεὸν
762 3667 930 3718 εἰπὼν
971 3667 1059 3718 τὸν
1086 3669 1322 3736 Πατέρα,
1373 3670 1572 3736 Κύριον
1616 3667 1735 3722 εἶπε

150 3761 240 3811 τὸν
271 3760 423 3824 Υίὸν,
447 3762 512 3826 τῇ
543 3759 829 3826 νηπιότητι
849 3758 1297 3822 συγκαταϐαίνων
1322 3759 1428 3811 τῶν
1447 3759 1601 3830 Ἐλλή
1619 3779 1735 3814 οων.

151 3846 567 3899 ’Λποᾶἐδεικται
595 3848 703 3913 γὰρ
732 3846 1035 3915 ἀδιαφόρως
1068 3848 1180 3908 τοῖς
1215 3847 1475 3910 τοιούτοις
1506 3851 1735 3918 ὀνύμισι

154 3937 473 4006 κεχρημένη
501 3936 534 4003 ἡ
566 3935 776 4005 Γραφή.
832 3952 849 3985 t
874 3935 962 4000 Ἐξ
991 3930 1050 3987 οὗ
1075 3936 1143 3988 τὰ
1170 3937 1362 3989 πάντα.
1395 3956 1412 3986 ι
1435 3939 1604 4000 Αὐτὸς
1631 3941 1737 4007 γὸρ

154 4031 299 4079 αἰτία
339 4030 472 4080 πᾶσι
504 4031 617 4087 τοῖς
650 4024 790 4078 οὖσι.
817 4027 890 4078 Τὸ
924 4029 1030 4095 γὰρ
1051 4065 1065 4088 ,
1099 4046 1118 4078 ι
1149 4028 1238 4092 Ἐξ
1273 4024 1334 4082 οὗ
1362 4032 1430 4082 τὰ
1463 4030 1638 4084 πάντα
1659 4074 1671 4095 ,
1713 4050 1730 4082 ι

154 4123 250 4188 τὴν
281 4117 658 4187 δημιουργίαν
691 4116 977 4186 σημαίνει,
1010 4118 1104 4169 καὶ
1133 4119 1230 4188 τὴν
1261 4122 1324 4172 ἐκ
1352 4121 1443 4172 τοῦ
1480 4121 1554 4192 μὴ
1587 4121 1738 4184 ὄντος

155 4213 233 4270 εἰς
258 4210 321 4260 τὸ
350 4203 492 4258 εἶναι
523 4207 886 4276 παραγωγήν.
911 4225 928 4256 ι
957 4207 1061 4259 Καὶ
1091 4208 1248 4276 ἡμεῖς
1278 4210 1357 4271 εἰς
1384 4211 1566 4264 αὑτὸν.
1593 4230 1612 4263 ι
1636 4214 1739 4265 Τὸν

156 4302 249 4368 τῆς
278 4299 516 4358 πίστεως
536 4299 691 4366 ἡμῶν
718 4300 809 4350 καὶ
839 4297 1165 4360 οἰκειώσεως
1193 4299 1340 4365 λέγει
1363 4303 1584 4370 τρᾶπον,
1605 4299 1734 4368 οἷον,

159 4395 245 4450 ili;
276 4392 446 4444 αὐτόν
475 4392 642 4456 ἐσμεν
672 4390 992 4458 ἠρτημένοι.
1024 4409 1042 4440 ι
1075 4391 1180 4442 Καὶ
1209 4389 1287 4452 εἷς
1308 4393 1526 4462 Κύριος.
1559 4412 1578 4445 ι
1610 4397 1738 4448 Ἃ).-

1841 3247 1970 3290 tcm.
2014 3238 2140 3290 Ideo
2177 3252 2396 3304 quoque
2429 3236 2568 3290 adeo
2611 3247 2771 3290 caute
2812 3237 2991 3290 Patris
3031 3252 3096 3290 ac
3127 3237 3248 3291 Filii
3289 3253 3406 3291 me-

1839 3329 1996 3381 mii;it
2033 3347 2044 3380 :
2076 3327 2238 3398 493
2279 3328 2494 3381 Patrem
2531 3327 2753 3394 quidem
2793 3343 2961 3380 unum
2994 3327 3182 3381 dicens
3213 3329 3405 3390 Deum,

1839 3435 1906 3472 ne
1940 3419 2078 3470 duos
2103 3434 2220 3471 esse
2247 3418 2379 3471 deos
2405 3419 2806 3481 existimarent,
2839 3419 3042 3472 Filium
3073 3434 3204 3473 vero
3239 3435 3406 3473 unum

1842 3507 2154 3569 Dominum,
2195 3521 2262 3558 ne
2294 3506 2433 3558 duos
2482 3505 2734 3560 dominos
2768 3507 3147 3575 opinarentur.
3180 3507 3236 3561 Si
3261 3509 3406 3562 enim

1839 3599 2067 3651 dixisset
2092 3599 2263 3651 Deum
2295 3606 2348 3650 et
2378 3598 2572 3660 Deum,
2598 3599 2806 3651 variam
2831 3609 2981 3653 certe
3005 3601 3409 3654 existimassem

1837 3687 2010 3740 Graeci
2056 3687 2399 3741 divinitatem
2435 3689 2505 3741 ob
2534 3704 2686 3742 suam
2719 3689 3070 3758 imperitiam,
3101 3702 3196 3746 aut
3231 3693 3275 3746 si
3304 3693 3410 3746 Do-

1842 3777 2049 3829 miuum
2073 3784 2126 3830 et
2149 3777 2438 3830 Dominum
2467 3777 2715 3841 dixisset,
2743 3779 2946 3832 variant
2975 3779 3408 3834 dominationem

1839 3866 2048 3934 Opinati
2084 3865 2334 3921 fuissent.
2379 3865 2504 3920 Haec
2539 3866 2724 3936 itaque
2764 3883 2927 3922 causa
2974 3880 3091 3923 erat
3125 3885 3223 3924 cur
3263 3887 3412 3926 nunc

1841 3959 2010 4010 Deum
2062 3958 2278 4011 Patrem
2325 3957 2535 4012 diceret
2584 3967 2639 4012 ct
2692 3960 2981 4014 Dominum
3031 3962 3251 4026 Filium,
3289 3972 3410 4017 erat

1838 4049 1984 4102 cnim
2016 4047 2303 4116 professus
2328 4062 2498 4100 unum
2530 4047 2676 4116 apud
2700 4064 2803 4102 nos
2831 4064 2949 4104 esse
2982 4051 3174 4107 Deum.
3203 4052 3257 4106 Si
3279 4069 3410 4123 ergo

1841 4139 2067 4192 dixisset
2097 4148 2153 4192 et
2181 4139 2399 4191 Patrem
2433 4146 2487 4190 et
2518 4137 2714 4191 Filium
2748 4139 2920 4192 Deum
2953 4155 3073 4194 esse
3107 4142 3192 4196 vel
3224 4143 3410 4196 Domi-

1841 4245 1994 4292 num,
2042 4244 2261 4281 rursum
2304 4227 2648 4282 inveniretur
2687 4243 2754 4283 ex
2796 4244 2892 4283 sua
2922 4231 3144 4300 quidem
3195 4233 3409 4300 profes-

1841 4321 1996 4373 sione
2038 4318 2242 4372 Grmcis
2281 4319 2620 4385 contrarius,
2667 4330 2722 4374 et
2755 4329 2934 4374 tamen
2965 4323 3169 4376 variam
3206 4323 3412 4377 divini-

1844 4419 2008 4464 tatem
2045 4424 2108 4463 ac
2149 4409 2581 4463 dominationem
2624 4425 2957 4480 apparenter
2999 4412 3286 4467 inducere.
3326 4413 3411 4467 ld-

158 4485 240 4545 λςς
258 4485 284 4534 ὁ
309 4482 522 4550 Πατήρ.
543 4481 643 4532 ,Διά
659 4481 916 4533 τοῦτοκαὶ
938 4484 1028 4532 ἐπὶ
1047 4481 1208 4534 αὐτοῦ
1236 4483 1347 4546 τὸ,‹
1370 4481 1738 4548 Εἷς.ι-‹Κα“ι
1765 4470 1818 4529 Ῑ)

1765 4470 1818 4529 D
1845 4504 1994 4555 circo
2031 4517 2156 4560 cum
2186 4502 2359 4554 Deutn
2392 4501 2618 4556 dixisset
2659 4503 2893 4565 Patrem,
2943 4505 3231 4558 Dominum
3272 4505 3409 4558 dixit

158 4578 314 4644 ἡμεῖς
347 4573 418 4625 δι’
461 4572 651 4624 αὐτοῦ.
674 4591 691 4622 ι
719 4571 900 4641 Διπλῴ
929 4571 1103 4641 λόγῳ,
1134 4573 1212 4642 τῷ
1239 4590 1299 4625 τε
1329 4577 1392 4628 ἐκ
1420 4577 1514 4631 τοῦ
1548 4579 1622 4650 μὴ
1648 4580 1737 4632 ὃν·

159 4683 242 4726 τος
282 4668 362 4726 εἰς
399 4664 460 4715 τὸ
503 4659 644 4714 εἶναι
685 4662 886 4723 ἐλθεῖν,
927 4662 1023 4714 καὶ
1054 4662 1134 4732 τῷ
1179 4669 1240 4716 ἐκ
1261 4664 1358 4733 τῆς
1399 4667 1628 4740 πλάνης,
1659 4675 1738 4735 εἰς

159 4755 250 4824 τὴν
276 4754 540 4822 ἀλήθειαν
567 4752 890 4821 ἐπιστρέψαι
910 4751 977 4804 δι’
1006 4753 1191 4806 αὑτοῦ.
1221 4773 1238 4805 ι
1262 4756 1402 4809 Ἀλλ’
1419 4760 1518 4812 οὐκ
1546 4763 1604 4813 ὲν
1629 4765 1734 4815 πᾶ-

164 4861 241 4895 σιν
267 4847 301 4914 ἡ
327 4844 552 4910 γνῶσις.
586 4863 603 4894 ι
634 4845 706 4894 0ιῦ
735 4843 955 4906 πάντες,
984 4847 1169 4912 φησιν,
1198 4846 1376 4900 ἴσασιν
1403 4849 1484 4902 ὅτι
1509 4846 1588 4914 εἷς
1603 4853 1734 4917 Θεός

164 4952 297 4999 ειτι,
321 4938 417 4986 7.2.".
446 4929 524 4994 εἷς
553 4934 773 5003 Κύριος,
797 4935 889 4984 καὶ
915 4933 973 4984 οὑ
1005 4933 1203 4986 πολλοί.
1228 4936 1362 4990 Οὐδὲ
1392 4941 1587 5003 πάντες
1619 4943 1733 4995 ἴσα-

165 5046 242 5080 σν
270 5026 350 5077 ὅτι
382 5026 450 5076 τὰ
477 5025 666 5076 εἰδωλα
695 5024 846 5076 οὐδέν
877 5025 1002 5075 εἱσι.

1846 4589 2064 4654 Filium,
2091 4590 2158 4642 ad
2189 4590 2475 4643 infantiam
2507 4606 2626 4644 sese
2653 4593 2938 4646 dimittens
2960 4592 3293 4648 Graecorum.
3326 4594 3408 4649 Si-

1845 4681 2066 4749 quidem
2097 4680 2536 4734 demonstratum
2577 4693 2662 4736 est
2708 4682 3049 4751 Scripturam
3095 4685 3404 4754 huiusmodi

1843 4770 2160 4825 nominibus
2202 4769 2587 4824 indifferenter
2620 4788 2773 4825 usam
2822 4789 2960 4826 esse.
3001 4793 3019 4826 ι
3056 4775 3131 4828 Ex
3151 4791 3260 4843 quo
3285 4791 3405 4828 om-

1843 4860 1955 4914 nia.
2001 4878 2019 4910 ι
2065 4857 2339 4913 Omnibus
2383 4861 2531 4913 enim
2566 4877 2688 4930 qua:
2735 4871 2882 4926 sunt,
2933 4864 3049 4932 ipse
3094 4881 3256 4919 causa
3298 4874 3402 4919 est.

1843 4950 1998 5011 Nam,
2040 4969 2058 5002 ‹
2095 4950 2172 5003 Ex
2209 4965 2317 5018 quo
2353 4951 2560 5015 omnia,
2611 4971 2628 5002 ›
2675 4955 3009 5009 creationem
3050 4957 3320 5026 designat,
3351 4965 3406 5010 et

1841 5039 2226 5094 deductionem
2250 5055 2278 5093 a
2304 5057 2412 5096 non
2439 5057 2559 5096 esse
2581 5041 2648 5096 ad
2671 5058 2810 5098 esse.
2844 5063 2860 5094 ι
2886 5045 2952 5099 Et
2979 5062 3077 5100 nos
3095 5047 3148 5100 in
3173 5047 3348 5101 illum.
3377 5067 3396 5098 ι

168 5118 310 5171 Fidei
360 5127 564 5170 nostrae
619 5132 683 5169 ac
727 5118 1114 5176 familiaritatis
1161 5121 1381 5177 modum
1413 5124 1545 5181 dicit
1575 5146 1588 5183 :
1625 5130 1732 5186 hoc
1767 5142 1870 5199 est,
1904 5147 2006 5187 nos
2044 5134 2110 5187 ad
2143 5135 2322 5203 ipsum
2357 5137 2657 5205 penth-mus
2689 5143 2745 5188 et
2793 5136 2842 5190 ei
2917 5137 3118 5190 addicti
3191 5153 3402 5195 sumus.

172 5232 184 5259 ι
225 5211 289 5264 Et
321 5225 467 5263 unus
497 5207 777 5262 Dominus.
818 5230 836 5260 ι
875 5214 1030 5266 Alius
1053 5222 1138 5268 est
1165 5215 1279 5284 ipse
1310 5216 1490 5284 Pater,
1517 5230 1809 5291 proriterea
1847 5227 2012 5280 etiam
2035 5228 2256 5281 additur
2321 5248 2339 5280 ‹
2369 5228 2542 5285 Unus.
2563 5247 2581 5280 ι
2606 5257 2674 5268 -—-
2695 5245 2714 5278 ι
2737 5227 2805 5281 Et
2867 5244 2966 5282 nos
3019 5245 3116 5298 per
3171 5232 3347 5288 illum.
3378 5255 3396 5284 ι

169 5301 376 5372 Duplici
413 5304 625 5396 ratione
659 5320 673 5358 :
718 5312 831 5358 tum
863 5308 1214 5374 procedendo
1239 5327 1305 5365 ex
1359 5330 1469 5368 non
1515 5332 1636 5372 esse
1669 5319 1734 5372 ad
1773 5334 1933 5387 esse,
1985 5331 2099 5375 tum
2179 5321 2247 5376 ab
2289 5336 2476 5374 errore
2527 5322 2594 5375 ad
2677 5320 2966 5376 veritatem
3015 5326 3263 5379 conversi
3305 5343 3403 5396 per

173 5397 368 5462 psum.
407 5411 424 5444 ι
465 5393 572 5448 Sed
625 5409 734 5447 non
782 5396 836 5449 in
875 5399 1132 5454 omnibus
1167 5413 1254 5456 est
1275 5407 1524 5461 scientia.
1567 5427 1586 5460 ι
1615 5411 1734 5465 Νοη
1769 5428 1984 5480 omnes,
2011 5413 2211 5483 inquit,
2237 5422 2441 5467 norunt
2466 5413 2612 5483 quod
2650 5429 2794 5467 unus
2820 5423 2902 5467 est
2928 5416 3069 5468 Deus
3133 5428 3189 5471 et
3261 5393 3406 5474 unus

171 5487 433 5539 lmrniaus
461 5496 515 5540 et
550 5502 658 5538 non
690 5487 846 5540 multi
879 5505 892 5539 :
928 5505 1105 5558 neque
1133 5507 1321 5551 omnes
1352 5509 1556 5554 norunt
1585 5504 1732 5571 quod
1772 5505 1916 5562 idola
1942 5507 2079 5561 nihil
2111 5508 2240 5562 sint.

237 5579 403 5644 Τινὲς
434 5576 501 5629 δὲ
530 5575 602 5644 τῇ
633 5579 984 5649 συνειδήσει
1015 5583 1122 5638 τοῦ
1147 5587 1398 5646 εἰδώλου
1425 5593 1537 5662 ἕως
1566 5595 1696 5664 ἄρτι
1716 5637 1730 5663 ,

243 5755 258 5785 ⁸
293 5753 436 5810 Psal.
467 5771 580 5823 cu,
618 5760 667 5814 1.
745 5761 764 5790 ²
808 5760 950 5818 Psal.
982 5777 1124 5829 xuv,
1158 5763 1211 5818 8.

1913 5599 2048 5664 Vlll,
2093 5600 2146 5665 7,
2181 5599 2232 5653 8.
2282 5596 2539 5654 Nonnulli
2579 5613 2698 5654 vero
2743 5611 2863 5652 cum
2914 5599 3224 5656 conscientia
3274 5599 3404 5659 idoli
