4204 6464
770 401 867 463 751

1823 379 2224 444 (ECUMENII
2264 375 2559 437 TRICC/E
2588 372 2927 435 EPISCOPI

3901 370 4016 433 752

772 529 931 579 usque
974 510 1039 562 ad
1086 509 1177 560 hoc
1226 517 1459 571 tempus,
1504 510 1757 566 tanquam
1803 494 1954 549 idolis
2007 492 2335 545 intuli-latum
2370 499 2410 551 Α

2370 499 2410 551 Α
2440 488 2519 551 ὡς
2549 486 2944 540 εἰδωλόθυτον
2973 483 3306 548 ἐσθίουσιν,
3335 484 3430 536 καὶ
3465 485 3500 551 ἡ
3533 483 3883 551 συνείδησις
3910 492 4019 541 αὑ-

770 615 928 658 munt
976 620 993 655 :
1019 610 1068 653 et
1096 597 1406 651 conscientia
1447 592 1659 644 illorum
1702 604 1819 640 cum
1848 588 1914 638 sit
1967 584 2179 650 inﬁrma
2222 581 2334 650 pol-

772 699 955 749 luitur.
984 692 1140 760 Atqui
1185 704 1302 739 esca
1356 701 1447 737 nos
1498 697 1600 734 non
1631 677 1959 731 commendat
1995 676 2099 726 Deo
2129 689 2144 724 :
2171 687 2337 739 neque

766 792 811 840 si
844 785 1199 841 comedamus,
1242 776 1444 845 aliquid
1484 775 1628 826 nobis
1672 771 1850 838 magni
1895 767 2092 820 accedit
2126 782 2141 819 :
2173 778 2337 833 neque

766 882 811 933 si
850 894 952 930 non
980 874 1333 930 comedamus,
1365 868 1654 937 quidquam
1688 861 1833 914 nobis
1864 861 2020 911 deest.

837 970 1036 1022 Dicens
1080 982 1097 1012 ι
1146 960 1428 1018 Nonnulli,
1471 976 1486 1006 ι
1542 970 1649 1008 non
1703 951 2014 1027 manifestat
2064 949 2231 1017 ipsos,
2268 962 2337 1000 ne

767 1059 1005 1128 amplius
1038 1069 1133 1108 eos
1162 1050 1492 1120 putlel'aeiat.
1528 1065 1545 1098 ι
1585 1046 1768 1113 Usque
1803 1043 1867 1096 ad
1907 1042 2010 1094 hoc
2040 1051 2275 1106 tempus.
2313 1057 2332 1089 ι

766 1150 931 1203 Vides
959 1161 1066 1199 non
1092 1157 1285 1199 omnes
1321 1153 1479 1193 nosse
1523 1137 1668 1205 quod
1704 1134 1840 1186 nihil
1873 1134 1985 1185 sint
2022 1130 2204 1184 idola?
2234 1130 2337 1182 De-

766 1246 934 1312 nique
969 1241 1191 1309 quidam
1230 1235 1293 1288 ad
1339 1235 1441 1286 hoc
1471 1244 1640 1298 usque
1678 1238 1912 1295 tempus,
1945 1225 1995 1277 id
2036 1233 2137 1285 est,
2171 1224 2336 1277 etiam

769 1342 1054 1402 postquam
1092 1325 1469 1383 crediderunt,
1505 1321 1667 1373 idolis
1713 1318 1985 1370 immolata
2012 1316 2183 1369 edunt
2215 1325 2337 1365 tan-

768 1438 932 1493 quam
978 1419 1138 1472 idolis
1185 1414 1486 1473 immolata,
1534 1411 1637 1462 hoc
1677 1415 1783 1467 est,
1818 1420 1877 1456 ea
1927 1411 2107 1455 mente
2146 1416 2253 1469 qua
2283 1408 2338 1453 et

768 1513 965 1574 (Ξῖ-τεεί,
1019 1520 1275 1576 tauquam
1324 1503 1701 1557 existimantes
1752 1496 1893 1547 idola
1940 1494 2145 1563 aliquid
2192 1508 2334 1546 esse.

768 1604 904 1669 Quia
935 1577 1063 1668 ergo
1113 1597 1379 1648 inﬁrmam
1432 1607 1495 1645 ac
1538 1588 1772 1643 debilem
1816 1587 2016 1639 habent
2057 1585 2339 1637 conscien-

770 1698 923 1756 tiam,
976 1691 1294 1760 polluuntur
1342 1684 1588 1743 edentes,
1630 1694 1941 1747 quanquam
1981 1676 2186 1742 alioqui
2230 1689 2336 1725 non

769 1787 1170 1856 polluerentur.
1201 1776 1365 1848 494
1392 1776 1567 1838 Quare
1608 1782 1789 1823 autem
1841 1770 1876 1822 ii
1924 1768 2016 1836 qui
2065 1767 2332 1820 inﬁrmam

2443 577 2561 630 τῶν
2586 576 2853 641 ἀσθενὴς
2881 570 3040 628 οὖσα
3060 574 3410 642 μολύνεται.
3437 575 3645 643 Βρῶμα
3662 574 3729 625 δὲ
3758 574 3919 643 ἡμᾶς
3943 582 4018 632 οὐ

2441 671 2768 736 παρίστησι
2818 666 2896 730 τῷ
2938 663 3078 728 Θεῷ.
3120 666 3268 717 οὔτε
3310 666 3418 731 γὰρ
3461 666 3569 717 ἐὰν
3603 664 3879 735 φάγωμεν
3910 683 4014 720 πε-

2433 759 2822 826 [ισσει’·ομει·,
2859 756 2995 807 οὔτε
3026 754 3135 807 ἐὰν
3159 757 3244 822 μὴ
3279 753 3558 823 φάγωμεν
3582 758 4014 827 ὑστερούμεθα.

2513 947 2723 997 Λεγων,
2749 947 2765 979 ι
2794 929 2971 990 Τινὲς,
3000 948 3017 978 ι
3058 930 3158 981 οὐκ
3181 930 3556 982 ἀποκαλύπτει
3586 932 3805 999 αὐτοὺς,
3827 934 3915 986 ἵνα
3940 933 4017 1003 μὴ

2440 1022 2959 1090 ἀναισχυντοτέρους
2997 1024 3218 1092 ποιήσῃ.
3262 1041 3281 1074 ‹
3312 1023 3455 1085 Ἕως
3491 1024 3635 1093 ἄρτι.
3674 1043 3692 1074 ι
3732 1024 3896 1095 Ὁρᾷς
3932 1029 4017 1081 ὅτι

2441 1115 2500 1164 οὐ
2544 1114 2741 1176 πάντες
2783 1115 2959 1167 ἴσασιν
2992 1115 3073 1167 ὅτι
3112 1116 3265 1166 οὐδέν
3298 1117 3415 1167 ἐστι
3448 1116 3518 1168 τὰ
3555 1117 3781 1183 εἴδωλας
3819 1121 4018 1187 ἀμέλει

2440 1204 2543 1266 ἓως
2578 1205 2700 1273 ἄρτι
2732 1206 2894 1269 τινὲς,
2924 1208 3191 1270 τουτέστι,
3222 1208 3316 1258 καὶ
3354 1208 3491 1274 μετὰ
3518 1208 3578 1259 τὸ
3609 1209 3921 1275 πιστεῦσαι,
3950 1211 4021 1263 τὰ

2442 1297 2764 1349 εἰδωλόθυτα
2803 1298 2877 1359 ὡς
2923 1298 3247 1350 εἰδωλόθυτα
3288 1298 3548 1362 ἐσθίουσι,
3585 1303 3831 1354 τουτέστι
3875 1303 4019 1371 μετὰ

2440 1392 2537 1457 τῆς
2566 1390 2737 1456 αὐτῆς
2764 1391 2989 1458 γνώμης
3020 1389 3136 1457 μεθ’
3158 1386 3223 1458 ἧς
3255 1392 3346 1441 καὶ
3376 1392 3721 1460 οῐἜλληνες,
3744 1392 3817 1453 ὡς
3846 1392 4016 1463 ἡγού-

2445 1496 2597 1549 μενοι
2633 1476 2767 1532 εἷναί
2799 1498 2850 1532 τι
2886 1481 2950 1532 τὰ
2982 1479 3196 1533 εἴδωλα.
3235 1483 3386 1533 Ἐπεὶ
3422 1478 3512 1535 οὖν
3546 1482 3749 1549 ἀσθενῆ
3785 1486 3880 1535 καὶ
3917 1502 4016 1536 σα-

2444 1572 2614 1639 οθρὰν
2645 1572 2823 1641 ἔχουσι
2854 1572 2949 1641 τὴν
2984 1573 3318 1639 συνείδησιν,
3357 1574 3675 1641 μολύνονται
3705 1574 3979 1636 ἐσθίοντες
3999 1616 4015 1637 ,

2443 1666 2489 1714 εἰ
2531 1666 2621 1714 καὶ
2659 1665 2729 1730 μὴ
2767 1663 3111 1731 ὲμολύνοντο.
3146 1664 3241 1714 Διὰ
3277 1664 3326 1712 τί
3359 1664 3415 1715 δὲ
3454 1664 3528 1732 μὴ
3562 1664 3776 1731 ἔχοντες
3810 1664 4017 1733 ἀσθενῆ

2437 1754 2536 1821 τὴν
2561 1754 2885 1824 συνείδησιν,
2913 1755 3011 1807 οὐκ
3036 1754 3386 1823 ἐμολύνοντο;
3413 1756 3535 1808 ’Ότι
3564 1756 3664 1807 οὑν
3680 1755 3785 1807 εἰσί
3807 1757 4013 1818 τιὸλως

769 1847 880 1931 non
925 1874 1127 1927 habent
1172 1847 1587 1925 conscientiam,
1632 1880 1741 1915 non
1792 1860 2145 1931 polluuntur?
2197 1859 2334 1924 Quia
2367 1854 2411 1911 Β

2367 1854 2411 1911 Β
2441 1851 2508 1901 τὰ
2560 1848 2788 1906 εἴδωλα,
2841 1847 2993 1898 οὐδέν
3037 1851 3204 1911 εἰσιν,
3256 1847 3469 1911 οὐδενὸς
3522 1848 3685 1912 ἄξια,
3732 1848 4010 1917 ἀνωφελῆ.

770 1968 996 2022 omnino
1023 1979 1133 2018 non
1166 1969 1293 2015 sunt
1321 1959 1617 2028 quidquam
1645 1955 1807 2012 idola,
1838 1954 1975 2007 nihil
2006 1964 2152 2015 sunt,
2184 1953 2337 2005 nullo

770 2062 931 2129 digna
983 2064 1130 2117 sunt,
1178 2052 1390 2107 inutilia
1434 2057 1579 2102 sunt.
1629 2065 1645 2095 ι
1688 2046 1849 2113 Atqui
1900 2062 2023 2099 esca
2075 2061 2174 2097 nos
2228 2061 2336 2097 non

771 2145 1120 2204 commendat
1153 2145 1279 2197 Deo.
1329 2161 1343 2191 ι
1378 2140 1452 2193 Ne
1493 2138 1638 2206 quod
1673 2136 1965 2189 verisimile
1997 2144 2081 2188 est
2114 2136 2337 2189 dicant:

773 2242 884 2312 Ego
913 2254 1050 2308 pura
1091 2236 1196 2290 edo
1229 2232 1582 2291 conscientia,
1629 2239 1684 2283 ct
1723 2229 1852 2295 quid
1889 2229 2019 2280 mihi
2054 2244 2197 2281 cura:
2231 2238 2335 2293 est,

770 2335 816 2387 si
880 2333 1005 2401 quis
1061 2346 1124 2384 ex
1188 2326 1564 2380 imbecillitate
1620 2322 1859 2389 patiatur
1915 2320 2340 2373 otiendiculum?

772 2425 1018 2479 ostendit
1062 2421 1206 2491 quod
1260 2420 1435 2487 ipsum
1484 2430 1701 2484 quoque
1753 2413 1917 2467 edere
1970 2422 2227 2481 tanquam
2282 2414 2338 2465 in

770 2525 1143 2584 contemptum
1171 2510 1439 2563 idolorum
1477 2506 1609 2558 nihil
1638 2513 1859 2573 praestat
1887 2503 2185 2571 egregium.
2205 2502 2338 2554 Nam

768 2609 872 2663 etsi
912 2605 1163 2674 iniuriam
1199 2618 1305 2654 nos:
1349 2599 1600 2665 accipiat,
1632 2596 1830 2662 inquit,
1867 2592 2034 2645 frater
2063 2593 2153 2660 qni
2186 2590 2339 2644 infir-

773 2713 893 2751 mus
935 2705 1038 2757 est,
1068 2707 1134 2744 ne
1177 2692 1249 2741 ita
1296 2688 1516 2740 quidem
1553 2683 1759 2751 aliquid
1791 2697 1983 2734 eorum
2029 2696 2148 2749 qua:
2180 2681 2340 2733 laude

772 2788 933 2854 digna
962 2792 1091 2835 sunt
1122 2778 1377 2833 en‘eteris
1411 2796 1423 2828 :
1461 2784 1555 2827 aut
1584 2789 1704 2842 quae
1730 2774 1783 2825 in
1815 2786 2041 2840 regnum
2074 2770 2339 2823 ccelorum

774 2877 1035 2930 inducere
1068 2873 1148 2923 vel
1179 2865 1568 2923 commendare
1616 2862 1845 2930 possint.
1875 2860 2015 2923 Quid
2065 2858 2212 2911 enim
2259 2868 2342 2912 est

771 2968 934 3021 edere
964 2974 1058 3016 aut
1088 2977 1194 3013 non
1218 2957 1413 3012 edere?
1436 2974 1452 3003 ι
1486 2953 1766 3022 Siquidem
1806 2966 1984 3020 neque
2007 2950 2049 3003 si
2082 2950 2338 3003 comeda-

773 3073 915 3122 mus,
944 3054 1147 3124 aliquid
1176 3052 1334 3103 nobis
1368 3048 1547 3116 magni
1582 3044 1812 3098 accedit.
1866 3064 1880 3092 ι
1922 3043 2034 3096 Hoc
2078 3052 2181 3104 est,
2228 3056 2339 3095 non

773 3148 911 3219 grati
931 3162 1118 3200 sumus
1139 3143 1280 3212 apud
1307 3142 1475 3193 Deum
1502 3146 1756 3203 tanquam
1787 3133 1965 3201 magni
1983 3131 2187 3200 aliquid
2207 3147 2341 3199 prat-

2449 1962 2465 1992 ι
2495 1942 2695 2011 Βριῖιμα
2735 1941 2790 1991 δὲ
2834 1941 2975 2008 ἡμᾶς
3011 1942 3071 1991 οὐ
3109 1941 3407 2009 παρίστησι
3439 1941 3516 2009 τῷ
3550 1940 3688 2009 Θεῷ.
3714 1959 3732 1992 ι
3762 1940 3877 1993 Ἰνα
3912 1942 4013 2009 μὴ,

2440 2028 2527 2083 οἷα
2553 2032 2720 2092 εἰκὸς,
2748 2032 2973 2083 εἴπωσιν
2995 2047 3010 2060 ⁸
3055 2030 3195 2097 Ἐγὼ
3230 2032 3442 2101 καθαρᾷ
3480 2033 3644 2084 ἐσθίω
3678 2032 4015 2099 συνειδήσει,

2442 2125 2535 2176 καὶ
2568 2124 2616 2174 τί
2654 2141 2739 2191 μοι
2777 2123 2930 2191 μέλει
2966 2123 3019 2174 εί
3049 2140 3130 2185 τις
3161 2123 3229 2175 δι’
3247 2123 3531 2176 ἀσθένειαν
3563 2124 4013 2187 σκανδαλίζεταις

2441 2216 2713 2268 δείκνυσι)
2740 2203 2821 2266 ὅτι
2854 2216 2947 2265 καὶ
2969 2214 3101 2266 αὐτὸ
3126 2215 3183 2266 τὸ
3212 2216 3408 2282 φαγεῖν
3434 2215 3509 2277 ὡς
3537 2216 3630 2267 ἐπὶ
3660 2216 4016 2285 καταφρονήο

2445 2327 2525 2362 σει
2560 2309 2670 2360 τῶν
2706 2306 2963 2373 εἰδώλων,
2998 2307 3149 2361 οὐδὲν
3186 2308 3432 2374 γενναῖόν
3470 2308 3607 2360 ἐστι.
3644 2309 3762 2361 Κᾶν
3790 2308 3900 2377 γὰρ
3943 2308 4019 2375 μὴ

2441 2402 2707 2469 ἠδικεῖτο,
2741 2402 2933 2468 φησὶν,
2963 2401 2993 2453 6
3025 2397 3250 2467 ἁδελφὸς
3284 2399 3516 2468 ἀσθενὴς
3550 2398 3655 2462 ὣν,
3686 2400 3806 2452 οὐδὲ
3844 2399 4021 2460 οὕτως

2441 2512 2491 2546 τι
2535 2494 2642 2546 τῶν
2680 2494 3084 2563 ἐπαινουμένων
3125 2493 3356 2554 ἐποίεις,
3397 2493 3430 2562 ἦ
3466 2492 3572 2545 τῶν
3614 2494 3692 2554 εἰς
3734 2492 4021 2562 βασιλείαν

2443 2586 2535 2639 τοῦ
2559 2587 2691 2639 Θεοῦ
2725 2589 3043 2654 εἰσαγαγεῖν
3073 2588 3166 2638 καὶ
3202 2586 3551 2654 παραστῆσαι
3584 2585 3919 2653 δυναμένων.
3954 2587 4021 2637 Τί

2442 2678 2552 2747 γάρ
2570 2680 2593 2729 ὲ
2608 2695 2681 2728 στι
2701 2679 2892 2743 φαγεῖν
2911 2678 3003 2740 καὶ
3024 2676 3098 2745 μὴ
3119 2680 3340 2744 φαγεῖν,
3373 2693 3390 2725 ι
3412 2676 3547 2727 Οὔτε
3576 2678 3683 2746 γὰρ
3702 2678 3797 2729 ἐὰν
3824 2678 4020 2745 φάγω-

2448 2786 2547 2838 μεν
2576 2768 2995 2838 περισσεύομεν.
3036 2786 3055 2818 s
3081 2768 3399 2832 Τουτέστιν,
3427 2768 3841 2837 Εὺδοκιμοῦμεν
3867 2770 4022 2839 παρὰ

2444 2860 2562 2928 Θεῷ
2603 2861 2676 2920 ὼς
2710 2862 2853 2930 μέγα
2889 2878 2942 2912 τι
2980 2861 3364 2930 πεποιηκότες,
3402 2862 3493 2913 καὶ
3527 2861 3927 2930 περισσεύομεν
3962 2864 4022 2914 ἐν

2447 2951 2674 3018 ἐπαίνῳ.
2733 2950 3118 3019 Ἐνηόρύνοντο
3157 2951 3265 3018 γὰρ
3308 2953 3504 3003 ἐκεῖνοι
3546 2952 3638 3003 ἐπὶ
3675 2952 3884 3021 τούτῳ,
3924 2953 4022 3005 καὶ

2448 3042 2721 3094 δείκνυσιν
2776 3042 2971 3104 αὐτοὺς
3028 3042 3181 3095 οὐδὲν
3226 3042 3526 3105 ποιοῦντας.
3567 3062 3585 3093 ι
3620 3043 3756 3095 Οὔτε
3790 3047 3885 3096 ἐὰν
3942 3045 4022 3114 μὴ

2450 3135 2711 3201 φάγωμεν
2726 3133 3117 3203 ὑστερούμεθα.
3150 3151 3167 3184 ι
3205 3134 3933 3204 Τουτέστιν,Ἑλαττούμεθα
3960 3138 4019 3186 ἐν

773 3216 1098 3298 stiterimus,
1132 3244 1188 3288 et
1229 3232 1536 3287 crescimus
1560 3228 1615 3279 in
1643 3226 1824 3279 laude.
1860 3224 1939 3277 llli
1972 3224 2121 3277 enim
2147 3238 2212 3276 ex
2233 3222 2336 3275 hoc
2368 3216 2407 3272 C
2442 3224 2666 3291 ἐπαίνῳ.

774 3332 1177 3385 extollebantur
1218 3335 1316 3377 :et
1358 3321 1603 3376 ostendit
1656 3335 1751 3372 eos
1802 3318 1935 3370 nihil
1980 3333 2046 3370 ex
2079 3332 2142 3370 ea
2184 3331 2243 3370 re
2278 3316 2479 3371 facere.
2519 3337 2535 3366 ι
2576 3318 2765 3386 Neque
2816 3319 2859 3371 si
2906 3334 3015 3371 non
3056 3318 3430 3383 comedamus,
3473 3322 3772 3391 quidquam
3854 3320 4024 3375 nobis

774 3428 948 3478 deest.
984 3439 1002 3471 ι
1044 3419 1157 3472 11οο
1185 3425 1287 3477 est,
1318 3429 1427 3467 non
1465 3412 1753 3465 inferiores
1789 3426 1840 3459 Ill
1874 3409 2031 3460 laude
2067 3422 2276 3460 sumus.

845 3513 984 3576 Vill,
1025 3510 1181 3564 942.
1222 3504 1324 3561 Sed
1354 3505 1521 3558 videte
1558 3518 1621 3554 ne
1655 3518 1755 3569 quo
1787 3501 1936 3552 modo
1973 3508 2198 3568 potestas
2235 3500 2341 3552 haec

775 3614 948 3660 uestra
986 3597 1295 3671 oﬂ'enaiculo
1337 3594 1435 3661 ﬁat
1476 3594 1539 3645 iis
1578 3592 1666 3659 qui
1709 3589 1908 3656 inﬁrmi
1953 3595 2097 3641 sunt.
2130 3587 2341 3640 Etenim

774 3700 817 3751 si
851 3696 965 3766 quis
1008 3690 1333 3759 conspexerit
1378 3696 1427 3738 te
1467 3686 1555 3754 qui
1589 3682 1743 3735 habes
1780 3681 2074 3743 scientiam,
2104 3680 2159 3731 in
2188 3678 2341 3748 epulo

774 3787 1035 3843 idolorum
1064 3780 1471 3841 accumbentem,
1523 3790 1693 3828 nonne
1736 3773 2052 3825 conscientia
2081 3773 2194 3835 eius
2223 3786 2340 3822 cum

774 3879 1016 3947 inﬁrmus
1042 3876 1132 3936 sit,
1158 3868 1506 3935 o3diﬁcabitur
1533 3866 1602 3919 ad
1631 3864 1886 3918 edendum
1912 3879 2031 3932 qui:
2065 3863 2217 3916 idolis
2240 3864 2346 3914 im.

775 3972 974 4024 motata
1009 3967 1175 4020 sunt?
1210 3963 1277 4016 Et
1325 3961 1507 4029 peribit
1547 3959 1636 4027 qui
1681 3956 1922 4021 inﬁrmus
1970 3963 2045 4009 est
2084 3956 2251 4024 frater
2279 3954 2339 4008 ob

777 4076 925 4117 tuam
948 4061 1244 4118 scientiam,
1276 4062 1487 4124 prapter
1520 4067 1671 4120 quem
1698 4048 1931 4104 Christus
1973 4058 2204 4101 mortuus
2238 4056 2337 4102 est.

776 4151 861 4202 Sic
902 4157 1075 4201 autem
1114 4149 1379 4213 peccantes
1415 4140 1465 4190 in
1503 4138 1714 4205 fratres,
1756 4143 1803 4185 et
1838 4137 2181 4204 percutientes
2220 4151 2339 4187 con-

776 4237 1053 4290 scientiam
1082 4233 1295 4284 itiorum
1322 4228 1614 4294 inﬁrmam,
1648 4229 1700 4279 in
1729 4225 1990 4277 Christum
2024 4228 2267 4293 peccatis.

854 4322 1136 4379 Terrentis
1167 4335 1346 4374 sermo
1404 4328 1506 4371 est.
1565 4335 1581 4365 ι
1642 4316 1719 4369 Ne
1752 4331 1862 4380 quo
1888 4315 2048 4367 modo
2102 4324 2345 4383 potestas

783 4422 915 4473 haec.
970 4437 988 4469 ι
1037 4416 1151 4469 Non
1202 4413 1360 4473 dixit,
1410 4409 1679 4471 Scientia,
1732 4417 1826 4459 aut
1876 4407 2180 4473 Perfectio;
2224 4407 2340 4470 sed,

787 4531 804 4562 s
853 4511 1117 4568 Potestas,
1169 4524 1184 4553 ι
1229 4502 1373 4572 quod
1417 4500 1773 4553 immodestia:
1802 4509 1884 4551 est
1910 4508 1964 4551 et
1994 4500 2339 4567 arrogantia}.

786 4622 804 4652 ι
850 4598 1192 4655 Oﬂendiculo
1245 4594 1355 4655 tiat,
1408 4612 1424 4641 ι
1479 4592 1583 4643 hoc
1615 4601 1718 4653 est,
1765 4590 2055 4642 ollensioni
2095 4599 2149 4642 et
2182 4606 2341 4643 ever-

780 4692 940 4744 sioni.
974 4690 1169 4741 Dicens
1200 4695 1418 4737 autem:
1455 4703 1471 4732 ι
1515 4683 1584 4735 lis
1613 4684 1703 4749 qui
1743 4681 1942 4733 infirmi
1976 4692 2123 4742 sunt,
2164 4700 2181 4731 ›
2214 4698 2340 4734 car-

2522 3496 2778 3550 Βλέπετε
2805 3495 2871 3547 δὲ
2896 3496 2979 3563 μή
3011 3512 3133 3561 πως
3162 3497 3199 3562 ἡ
3229 3496 3481 3559 ἐξουσία
3507 3498 3671 3564 ὑμῶν
3697 3497 3847 3561 αὕτη
3877 3499 4024 3563 apd-

2449 3605 2689 3655 σκομμα
2733 3586 2976 3652 γένηται
3021 3584 3141 3648 τοῖς
3174 3586 3563 3639 ἀσθενοῦσιν.
3603 3587 3736 3638 Ἐνᾶν
3774 3586 3885 3653 γάρ
3928 3604 4023 3651 τις

2446 3678 2542 3746 ιδῃ
2584 3695 2656 3731 σε
2691 3680 2797 3730 τεν
2828 3677 3045 3743 ἔχοντα
3082 3676 3308 3743 γνῶσιν
3337 3678 3407 3729 ἐν
3434 3677 3711 3743 εὶδωνιείῳ
3742 3680 4024 3731 κατακεί-

2443 3787 2650 3839 μενον,
2679 3768 2813 3833 οὐχὶ
2849 3769 2883 3833 ὴ
2912 3767 3271 3832 συνείδησις
3299 3769 3484 3821 αὑτοῦ
3516 3769 3814 3833 ἀσθενοῦς
3842 3770 4022 3835 ὄντος

2446 3859 2976 3927 οἰκοδομηθήσεται
3016 3863 3103 3925 είς
3140 3859 3207 3912 τὸ
3241 3862 3315 3913 τὰ
3350 3860 3713 3915 εἰδωλόθυτα
3747 3862 4025 3924 ἐσθεἐιν;

2445 3955 2540 4005 καὶ
2557 3951 2867 4006 ἀπολεῖται
2882 3955 2914 4003 ό
2931 3951 3204 4004 ἀσθενῶν
3219 3950 3480 4019 ἁδελφὸς
3498 3952 3591 4002 ἐπὶ
3611 3969 3642 4003 τ
3653 3951 3685 4017 ᾗ
3701 3951 3786 4018 σῇ
3804 3953 4023 4019 γνώσει

2447 4044 2523 4097 δι’
2553 4044 2625 4097 ὃν
2650 4046 2903 4111 Χριστὸς
2924 4045 3242 4097 ἀπέθανεν.
3267 4046 3464 4109 Οῦτως
3482 4046 3549 4097 δὲ
3577 4046 4025 4113 ἁμαρτάνοντες

2447 4138 2534 4198 είς
2588 4135 2730 4199 τοὺς
2775 4135 3101 4199 ἀδελφοὺς,
3151 4134 3247 4186 καὶ
3286 4136 3613 4199 τύπτοντες
3660 4137 3859 4188 αὐτῶν
3906 4139 4024 4204 τὴν

2446 4226 2805 4291 συνείδησιν
2828 4225 3234 4285 ἀσθενοῦσαν,
3253 4229 3340 4290 είς
3358 4229 3612 4295 Χριστέν
3628 4229 4021 4295 ἁμίιρτίὲι-·ετε.

2513 4317 2809 4379 Φοΰοῦντος
2846 4322 2873 4370 6
2909 4318 3083 4383 λόγος.
3122 4336 3139 4367 ι
3184 4320 3273 4386 Μή
3316 4337 3429 4380 πως
3468 4322 3497 4387 ἠ
3534 4320 3745 4384 ἐξουσία
3784 4322 3947 4390 αὕτη.
3998 4342 4018 4375 s

2448 4411 2560 4460 Οὐκ
2594 4405 2770 4472 εἶπεν,
2813 4410 2875 4462 'H
2908 4412 3128 4476 γνῶσις,
3164 4411 3217 4478 ἢ,
3266 4411 3330 4463 Ἠ
3378 4412 3669 4481 τελειότης,
3703 4413 3842 4472 ἀλλ’,
3888 4432 3906 4463 ι
3955 4416 4023 4466 Ἡ

2447 4501 2695 4564 ἐξουσία,
2763 4521 2779 4551 ι
2840 4505 2976 4569 ὅπερ
3022 4504 3352 4569 προπετείας
3399 4504 3514 4554 ἐστὶ
3564 4506 3652 4555 καὶ
3698 4504 4024 4568 ἀλαζονείας

2452 4594 2670 4661 μᾶλλον.
2709 4612 2726 4643 ι
2767 4594 3108 4660 Πρόσκομμα
3147 4595 3390 4660 γένηται.
3432 4614 3451 4646 ι
3484 4593 3746 4647 Τουτέςτι
3782 4597 4024 4649 σκανδα-

2447 4683 2555 4746 λον,
2603 4686 2973 4751 καταστροφή.
3023 4684 3202 4735 Εἰπὼν
3245 4686 3324 4746 δὲ,
3373 4704 3391 4735 ι
3436 4686 3561 4745 Τοῖς
3604 4687 3947 4746 (habs-tolera,
3998 4706 4018 4738 ι

781 4779 859 4847 pit
889 4777 1035 4843 ipsos
1059 4774 1202 4838 quod
1236 4788 1301 4823 ne
1341 4769 1567 4821 intumis
1599 4768 1817 4835 quidem
1849 4776 2133 4833 parcerent
2161 4768 2343 4821 fratri-
2369 4750 2421 4809 D

2369 4750 2421 4809 D
2452 4775 2690 4825 αἰτιᾶται
2726 4774 2917 4835 αὐτοὺς
2939 4814 2952 4834 ,
2988 4774 3069 4825 ὅτι
3103 4774 3223 4825 οὐδὲ
3259 4775 3365 4825 τῶν
3397 4775 3764 4827 ἀσθενούντων
3802 4779 4019 4843 φείδον-

784 4870 884 4921 bus
915 4907 927 4928 ,
973 4866 1172 4934 quibus
1216 4860 1505 4928 Oportebat
1547 4860 1709 4912 etiam
1764 4875 1982 4911 manum
2036 4860 2339 4928 porrigere.

787 4979 804 5011 ι
839 4959 911 5011 Τε
935 4958 1027 5025 qui
1053 4956 1220 5008 habes
1261 4952 1567 5005 scientiam.
1610 4970 1625 5000 ι
1664 4950 1737 5002 Te
1767 4951 1884 5018 qui,
1919 4959 1976 5001 ut
2010 4949 2169 5011 dicis,
2221 4967 2344 5018 per-

779 5052 959 5104 iectus
1001 5064 1078 5100 es.
1119 5066 1134 5091 ι
1181 5046 1368 5098 Nonne
1402 5044 1732 5096 conscientia
1791 5046 1927 5111 ejus.
1971 5062 1985 5091 ι
2026 5044 2217 5094 Annon
2252 5058 2343 5095 oc-

783 5142 1061 5195 casionem
1086 5146 1264 5189 sumet
1300 5147 1359 5187 ut
1387 5135 1509 5186 edat
1541 5150 1659 5201 qua:
1690 5133 1849 5185 idolis
1885 5143 2012 5183 sunt
2047 5133 2341 5192 immolata,

784 5246 907 5284 cum
942 5239 1120 5283 tamen
1154 5237 1305 5293 putet
1338 5225 1477 5277 idola
1502 5224 1702 5290 aliquid
1730 5224 1887 5276 esse?
1918 5224 2115 5277 Dicens
2138 5232 2343 5285 autem,

791 5340 809 5369 ι
866 5316 1269 5373 Ediﬁcabitur,
1328 5334 1345 5360 ς
1400 5315 1639 5368 ostendit
1686 5314 1828 5381 quod
1892 5314 2236 5367 imbecillitas
2280 5316 2347 5367 il-

781 5412 894 5470 lius
926 5410 1095 5478 magis
1134 5408 1445 5476 augebitur.
1478 5428 1493 5456 ι
1538 5407 1601 5458 Ει
1632 5406 1829 5474 peribit
1861 5408 1952 5472 qui
1991 5406 2240 5458 infirmus
2267 5415 2352 5459 est

783 5505 976 5559 frater.
1021 5521 1039 5553 s
1080 5500 1305 5567 Fietque
1348 5510 1435 5551 tua
1478 5498 1739 5567 perfectio
1781 5500 1933 5551 alteri
1974 5498 2188 5550 occasio
2225 5513 2348 5565 per-

782 5597 1027 5652 ditionis.
1058 5592 1220 5665 495
1266 5610 1285 5642 ι
1335 5593 1559 5659 Propter
1599 5606 1760 5657 quem
1795 5588 2049 5642 Christus
2094 5598 2343 5643 mortuus

781 5701 885 5744 est.
925 5708 942 5739 ι
977 5686 1247 5748 Christus,
1283 5684 1478 5753 inquit,
1510 5699 1684 5751 neque
1716 5684 1854 5734 mori
1898 5697 1997 5750 pro
2028 5683 2143 5749 ipso
2185 5696 2342 5734 recu-

783 5781 941 5844 savit,
967 5789 1022 5832 ta
1053 5792 1181 5831 vero
1210 5790 1384 5847 neque
1408 5775 1474 5829 ad
1504 5775 1751 5829 ciborum
1784 5774 2144 5843 quorumdam
2170 5773 2339 5828 absti-

2444 4883 2534 4917 ται
2575 4865 2838 4929 ἀδελφῶν,
2876 4859 2955 4924 οἷς
2998 4866 3101 4915 ἔδει
3150 4868 3239 4916 καὶ
3277 4868 3437 4935 χεῖρα
3477 4866 3709 4933 ὀρέγειν.
3753 4886 3771 4916 ι
3820 4868 3885 4918 Σὲ
3929 4871 4023 4919 τὸν

2446 4956 2635 5022 ἔχοντα
2689 4954 2906 5019 γνῶσιν.
2966 4974 2982 5003 ι
3038 4956 3170 5020 Ίδν,
3226 4956 3301 5017 ὡς
3356 4957 3559 5023 λέγεις,
3617 4957 3818 5009 τέλειον
3866 4961 4017 5014 ὄντα.

2452 5064 2468 5094 ι
2506 5046 2638 5113 Οὐχὶ
2671 5048 2701 5113 ἡ
2736 5047 3037 5113 συνείδησις
3067 5047 3250 5098 αὑτοῦ.
3288 5066 3304 5097 ι
3333 5049 3443 5099 Οὐκ
3474 5045 3597 5117 ἄρα,
3632 5052 3813 5116 πρησὶν,
3845 5053 4021 5119 ἀφςρ-

2451 5138 2559 5205 μὴν
2584 5138 2723 5207 λάϐῃ
2752 5139 2950 5188 ἐσθίειν
2976 5142 3037 5189 τὰ
3069 5139 3413 5202 εἰδωλόθυτα,
3439 5143 3530 5191 καὶ
3558 5140 3767 5193 οἴεσθαι
3800 5142 3945 5194 εἶναί
3970 5161 4021 5197 τι

2443 5232 2512 5280 τὰ
2557 5229 2783 5291 εἴδωλα;
2812 5230 2993 5281 Εἰπὼν
3028 5232 3102 5294 δὲ,
3148 5250 3164 5280 ι
3197 5232 3711 5300 Οἰκοδομηθήσεται,
3754 5253 3771 5284 ι
3802 5236 4020 5287 δείκνυ-

2446 5337 2529 5371 σιν
2568 5321 2649 5371 ὅτι
2691 5321 2783 5372 ἐπὶ
2824 5322 3005 5372 πλεῖον
3050 5323 3213 5374 αὑτοῦ
3255 5326 3284 5391 ἡ
3326 5325 3571 5376 ἀσθένεια
3618 5325 4017 5394 αὐξηθήσεται.

2451 5427 2468 5459 ι
2512 5412 2619 5462 Καὶ
2654 5411 2933 5463 ἀπολεῖται
2967 5414 2994 5463 6
3028 5412 3272 5464 ἀσθενῶν
3303 5414 3548 5482 ἀδελφός.
3589 5434 3607 5465 ι
3648 5417 3751 5468 Καὶ
3786 5420 4020 5486 γενήσε-

2449 5519 2538 5553 ται
2576 5504 2846 5571 πρέφασις
2888 5506 3009 5573 ήσὴ
3034 5505 3303 5574 τελειότης
3341 5508 3510 5575 ἑτέρῳ
3548 5509 3843 5569 ἀπωλείας.
3880 5529 3899 5560 ι
3938 5512 4019 5563 Δι’

2449 5593 2505 5644 ὃν
2542 5594 2770 5661 Χριστὸς
2805 5596 3092 5647 ἀπέθανεν.
3134 5615 3153 5646 ›
3195 5598 3301 5648 Καὶ
3335 5601 3363 5650 6
3399 5599 3495 5665 μὲν
3527 5600 3787 5668 Χριστὸς,
3826 5604 4018 5669 φησιν,

2449 5686 2569 5736 οὐδὲ
2603 5686 2892 5738 ἀποθανεῖν
2927 5688 3065 5755 ὑπὲρ
3100 5688 3264 5740 αὑτοῦ
3298 5693 3669 5760 παρῃτήσατο,
3707 5691 3770 5741 σὺ
3806 5692 3861 5741 δὲ
3896 5694 4020 5745 οῦδὲ

2450 5776 2575 5846 ἄχρι
2633 5776 2934 5847 βρωμάτων
2987 5780 3197 5851 ἀποχῆς
3255 5783 3739 5852 συγκαταδαίνεις,
3797 5784 3885 5838 ἱνα
3941 5787 4020 5857 μὴ
