4204 6464
720 384 827 446 759

1798 389 2200 452 GUUMENII
2235 391 2280 450 Τ
2287 392 2529 451 lllCtIAS
2568 386 2912 451 EPISCOPI

3904 386 4011 447 760

725 506 778 552 et
809 498 886 553 ult
919 514 933 552 :
979 517 997 548 ι
1034 497 1176 552 Num
1207 499 1512 554 secundum
1543 498 1827 556 hominem
1861 503 1979 558 haec
2015 504 2249 572 loquor?
2287 523 2305 556 ι

2438 525 2442 555 r
2479 507 2570 576 Μὴ
2607 503 2746 558 κατὰ
2795 503 3084 574 ἄνθρωπον
3119 502 3290 556 ταῦτα
3325 501 3507 567 λ-αλῶς
3553 520 3570 553 t
3602 503 3876 566 τουτέστι,
3917 505 4012 575 Ml;

728 592 831 645 hoc
886 600 989 651 est,
1045 592 1185 646 Num
1253 595 1428 648 Solum
1492 594 1714 648 videtur
1789 596 1895 649 hoc
1959 595 2318 651 hominibus?

737 686 841 735 Aut
875 682 1242 736 humanorum
1286 692 1498 737 tantum
1523 686 1906 754 exemplorum
1930 701 2154 755 possunt
2177 703 2315 742 con-

733 776 948 827 tirmare
995 775 1478 831 ratione?.Annon
1513 786 1567 830 et
1591 778 1676 830 lex
1693 777 1886 832 eadem
1920 779 2092 833 dicit?
2119 799 2136 830 ι
2174 780 2316 834 Num

733 867 900 920 btvcs
923 883 1070 921 cura:
1101 878 1231 923 sunt
1268 870 1418 922 Deo?
1445 890 1460 919 ι
1481 870 1558 924 Ne
1581 871 1708 938 quis
1737 872 1886 926 dicat
1911 890 1924 925 :
1953 873 2022 926 Et.
2052 889 2316 942 quorsum

733 977 762 1014 a
786 960 1032 1014 lductum
1061 972 1146 1016 est
1169 964 1312 1032 quod
1344 963 1411 1016 de
1433 962 1610 1016 bobus
1638 963 1848 1018 dictum
1869 965 1980 1018 est?
2000 964 2105 1018 ait:
2129 982 2147 1014 ι
2175 963 2317 1017 Νυηι

732 1054 902 1107 boves
946 1071 1095 1110 cura:
1132 1065 1260 1110 sunt
1305 1055 1458 1109 Deo?
1490 1076 1506 1106 ι
1552 1056 1753 1112 Curam
1799 1057 1990 1126 utique
2027 1057 2166 1127 gerit
2203 1057 2319 1127 ipse

730 1147 900 1200 etiam
937 1149 1006 1201 de
1044 1149 1252 1211 brutis,
1285 1159 1342 1204 at
1375 1168 1484 1204 non
1522 1152 1591 1204 ita
1631 1159 1689 1204 ut
1726 1161 1952 1221 propter
1987 1151 2100 1221 ipsa
2141 1153 2318 1222 legem

731 1253 954 1304 quoque
987 1238 1265 1306 posuisset
1295 1258 1309 1293 :
1340 1241 1434 1294 sed
1471 1256 1570 1310 per
1599 1241 1703 1296 hoc
1732 1243 1850 1296 vult
1882 1258 1984 1297 nos
2018 1243 2317 1306 instruere,

732 1327 878 1392 quod
914 1326 1230 1383 laborantes
1261 1345 1366 1382 non
1405 1330 1609 1386 frustra
1643 1333 1983 1394 laboremus,
2013 1335 2107 1387 sed
2137 1349 2202 1386 ex
2239 1334 2320 1386 la-

733 1416 964 1472 boribus
998 1420 1178 1474 alendi
1214 1437 1426 1476 sumus.
1466 1423 1656 1493 itaque
1687 1434 1743 1479 et
1780 1440 1882 1494 ego
1907 1426 2000 1492 qui
2033 1425 2320 1491 laboravi,

733 1508 936 1578 dignus
967 1527 1086 1565 sum
1120 1514 1212 1580 qui
1244 1529 1274 1567 a
1297 1515 1455 1569 vobis
1479 1519 1614 1570 alar.
1656 1536 1674 1568 ι
1707 1516 1788 1570 An
1822 1517 1928 1572 hoc
1960 1533 2190 1588 propter
2220 1536 2322 1576 nos

733 1603 962 1656 oiiinino
989 1604 1163 1657 dicit?
1196 1625 1214 1657 ι
1251 1605 1508 1672 Omnino,
1543 1608 1595 1662 id
1623 1619 1729 1673 est,
1755 1619 1816 1664 ut
1848 1610 1901 1663 in
1930 1610 2184 1665 confesso
2214 1621 2320 1678 est,

733 1693 991 1746 omnibus
1033 1697 1230 1772 modis.
1284 1717 1300 1748 ι
1343 1699 1481 1763 Quia
1528 1701 1632 1753 sub
1675 1716 1770 1768 spe
1815 1701 2001 1755 debet.
2042 1722 2060 1752 ι
2113 1703 2322 1759 Insistit

737 1794 896 1853 tropo
924 1788 1017 1854 qui
1051 1787 1119 1842 de
1149 1788 1325 1843 bobus
1349 1801 1450 1843 est.
1474 1790 1612 1856 Quia
1643 1802 1970 1862 prmeeptor,
1998 1793 2196 1863 inquit,
2225 1796 2321 1850 dc-

737 1878 826 1931 bet
861 1881 1242 1948 rcpensionem
1285 1882 1491 1936 habere
1530 1883 1804 1948 laborutn,
1842 1901 1950 1940 non
1991 1890 2136 1955 quod
2173 1889 2324 1942 nulla
2359 1877 2399 1935 Β

738 1973 984 2026 ulteriori
1018 1973 1291 2028 fruiturus
1321 1977 1393 2029 sit
1427 1978 1818 2041 retributione,
1859 1981 1952 2034 sed
1985 1981 2129 2049 quod
2171 1997 2322 2050 spem

737 2065 936 2120 habeat
967 2077 1090 2134 post
1122 2069 1262 2122 lianc
1293 2070 1648 2139 temporalem
1681 2086 2018 2141 parvamque
2044 2076 2323 2142 repcnsio-

737 2172 860 2210 nent
890 2159 1054 2211 etiam
1081 2171 1284 2215 :eterna
1316 2177 1379 2213 ae
1406 2163 1846 2230 supernaturalia
1879 2165 2122 2219 nancisci
2157 2166 2323 2220 bona.

738 2252 869 2304 Nam
901 2263 954 2304 et
993 2254 1094 2306 hoc
1129 2255 1400 2322 signiﬁcat
1429 2255 1576 2324 quod
1610 2256 1927 2326 subiungit:
1959 2276 1976 2307 ι
2009 2257 2073 2312 Et
2104 2260 2198 2327 qui
2232 2259 2328 2313 tri-

739 2350 909 2401 Iurat.
947 2347 1060 2410 spei
1094 2359 1204 2397 sine
1242 2346 1519 2414 particeps
1551 2361 1673 2400 esse
1709 2349 1814 2400 sub
1845 2363 1960 2416 spe.
1989 2368 2006 2400 ι
2040 2350 2325 2419 Siquidem

737 2435 970 2501 apostoli
1017 2451 1169 2504 spem
1208 2436 1484 2490 habebant
1515 2438 1662 2506 quod
1695 2440 1763 2493 ab
1799 2439 1882 2493 bis
1919 2439 2012 2510 qui
2047 2439 2325 2495 doceban-

740 2533 831 2578 tur
853 2537 1330 2596 consequerentur
1355 2528 1684 2597 obsequium
1707 2546 1817 2600 quo
1845 2533 2168 2586 alimentum
2199 2534 2329 2586 sub-

739 2619 1182 2684 ministraretur,
1230 2633 1286 2678 et
1326 2625 1828 2693 consequebantur.
1886 2627 2050 2694 Atqui
2096 2642 2205 2680 non
2275 2627 2326 2680 id

739 2721 856 2764 erat
899 2711 1033 2780 ipsis
1064 2729 1188 2782 spes
1227 2715 1439 2777 tinalis;
1474 2715 1567 2768 sed
1606 2716 1707 2769 liae
1741 2730 1838 2784 spe
1870 2715 2119 2770 fruentes
2154 2716 2328 2785 majo-

743 2819 858 2856 rem
897 2804 1077 2856 adhuc
1120 2806 1516 2874 exspectabant
1555 2822 1617 2860 ac
1645 2808 1960 2875 sperabant.
1997 2806 2111 2861 I-loc
2145 2819 2328 2861 autem

743 2895 838 2952 ait.
875 2896 1017 2962 quod
1054 2897 1194 2950 nihil
1231 2897 1566 2966 impediebat
1605 2898 1920 2951 futurorum
1962 2915 2115 2968 spem
2152 2915 2215 2952 ac.
2251 2917 2332 2954 re-

749 2989 1104 3041 tributionem
1153 2990 1448 3048 botiurutn.
1484 2991 1731 3059 acceptio
1768 2991 2060 3045 ministerii
2107 3009 2217 3061 quo
2263 2993 2332 3046 ab

749 3081 834 3135 lis
876 3083 969 3150 qui
1014 3083 1360 3137 docebantur
1404 3084 1666 3138 alimenta
1718 3085 2329 3138 subministrabuntur:

747 3173 874 3227 hinc
915 3176 1232 3243 signiﬁcans
1263 3177 1408 3246 quod
1439 3176 1591 3231 Licet
1632 3176 1768 3229 nihil
1799 3177 2062 3244 impediat
2093 3177 2330 3230 futuram

751 3289 786 3321 r.
814 3270 1193 3328 tributionem,
1231 3287 1259 3323 a
1291 3269 1578 3338 discipulis
1622 3269 1712 3323 hic
1755 3269 2005 3338 accipere
2048 3269 2330 3334 alimenta,

749 3376 855 3413 tum
893 3371 1073 3413 tznnen
1115 3359 1325 3428 accepi,
1366 3359 1566 3428 inquit.
1623 3359 1886 3413 Plurimis
1927 3371 2109 3412 autem
2156 3359 2335 3412 modis

755 3454 948 3505 tilitttr
999 3463 1249 3506 astruere
1310 3453 1457 3522 quod
1512 3453 1744 3506 vetitum
1805 3468 1914 3505 non
1978 3453 2165 3513 fuerit,
2221 3462 2334 3505 tum

750 3531 976 3616 p--opter
1014 3547 1065 3600 id
1113 3545 1261 3615 quod
1303 3545 1511 3599 dictum
1555 3554 1659 3607 est,
1708 3553 1823 3598 tum
1858 3560 1926 3598 ne
1973 3545 2088 3614 ipse
2138 3545 2238 3598 hac
2279 3561 2335 3597 re

751 3643 1059 3700 abstinens,
1088 3639 1415 3694 calumniari
1448 3653 1544 3693 eos
1573 3637 1857 3691 videretur
1887 3639 1979 3706 qui
2015 3637 2334 3691 utebantur.

758 3754 774 3784 ι
815 3736 871 3787 Et
936 3735 1026 3804 qui
1071 3735 1311 3796 triturat,
1355 3733 1623 3803 speisuze.
1659 3749 1676 3781 ι
1709 3731 1857 3784 Idem
1892 3746 2113 3784 rursum
2147 3740 2340 3800 tropus

752 3838 857 3880 est.
895 3848 908 3875 ι
943 3827 1002 3879 Et
1035 3826 1127 3896 qui
1162 3826 1410 3885 triturat,
1432 3822 1890 3894 inquit,speisu:e
1920 3824 2192 3891 particeps
2220 3838 2339 3874 esse

753 3919 856 3970 sub
886 3934 1003 3987 spe.
1048 3937 1066 3967 ι
1098 3917 1368 3980 (tanniam
1409 3917 1554 3969 enim
1604 3915 1651 3967 is
1691 3914 1782 3982 qui
1809 3923 1928 3967 arat
1975 3915 2027 3966 in
2061 3931 2154 3982 spi-
2201 3923 2339 3977 arat,

756 4013 855 4064 hac
888 4013 1051 4065 etiam
1099 4027 1195 4079 3pc
1237 4009 1346 4063 frui
1375 4010 1539 4064 debet
1574 4008 1665 4077 qui
1710 4006 2059 4077 postmodum
2092 4006 2338 4067 trittzrat,

756 4121 861 4156 una
911 4103 1169 4172 sperabat
1219 4108 1348 4156 dum
1403 4111 1608 4156 araret.
1657 4100 1789 4166 Quze
1813 4110 1898 4154 cst
1942 4111 2126 4152 autem
2177 4103 2341 4167 spes?

757 4198 920 4266 500
953 4212 1147 4265 nempe
1179 4195 1326 4264 quod
1361 4193 1635 4263 particeps
1661 4193 1768 4248 erit
1803 4192 2106 4246 fructuum.
2137 4191 2342 4244 Deinde

757 4290 931 4348 addit,
966 4307 983 4338 ι
1015 4287 1130 4342 Sub
1165 4303 1284 4358 spe.
1313 4307 1330 4338 ι
1367 4287 1446 4341 Nc
1481 4287 1604 4354 quis
1631 4284 1779 4339 enim
1807 4285 1955 4338 dicat
1993 4301 2006 4334 :
2041 4283 2340 4337 Tantorum

756 4399 888 4449 ergo
931 4382 1182 4436 laborum
1219 4397 1359 4451 quos
1393 4381 1666 4435 sustinent
1699 4379 1955 4449 apostoli,
1989 4378 2104 4431 haec
2139 4384 2225 4432 cst
2259 4391 2343 4430 re-

760 4474 1010 4534 tributio,
1053 4483 1181 4544 puta
1210 4473 1416 4527 edere?
1443 4471 1657 4525 addidit
1696 4490 1714 4521 ι
1751 4469 1863 4524 Sub
1896 4485 2014 4538 spe,
2045 4487 2063 4519 ι
2100 4468 2206 4522 huc
2239 4476 2345 4530 est,

2420 602 2531 662 τοῖς
2569 596 2880 668 ἀνθρώποις
2913 597 3074 664 μόνον
3098 595 3256 648 τοῦτο
3290 594 3455 659 δοκεῖ,
3489 594 3520 664 ἤ
3553 593 3613 659 ἐξ
3643 594 4011 664 ἀνθρωπίνων

2421 689 2884 759 παραδειγμάτων
2923 685 3084 739 τοῦτο
3111 685 3220 754 ἔχω
3251 684 3518 753 συστῆσαι
3548 685 3626 752 τῷ
3664 683 3840 753 λόγῳς
3893 684 4015 752 οὐχὶ

2421 784 2516 838 καὶ
2542 783 2570 834 ό
2603 783 2767 852 νόμος
2795 779 2970 835 ταῦτα
3003 779 3188 846 λέγεις
3229 799 3247 830 ι
3295 779 3386 846 Μὴ
3418 777 3527 828 τῶν
3570 776 3710 846 βοῶν
3745 778 3903 845 μέλει
3937 777 4015 846 τῷ

2419 873 2572 943 Θεῷ;
2613 892 2630 925 ι
2669 873 2789 925 ἰνα
2813 871 2886 940 μή
2913 887 2999 932 τις
3019 870 3170 940 εἴπῃ,
3194 869 3304 924 Καὶ
3343 865 3397 919 τι
3428 866 3597 935 ἀνῆκε
3630 867 3767 934 πρὸς
3784 866 3847 918 τὸ
3883 883 4016 934 προσ

2421 967 2676 1036 κείμενον
2697 963 2758 1016 τὺ
2793 962 3060 1033 περὶτῶν
3101 961 3269 1030 βοῶν;
3314 961 3472 1031 φησὶ,
3524 978 3542 1010 ι
3586 958 3678 1027 Μὴ
3721 957 3832 1011 τῶν
3877 957 4016 1026 βοιῖιν

2427 1059 2575 1128 μέλει
2609 1057 2687 1126 τῷ
2716 1055 2866 1123 Θεῷ;
2907 1075 2925 1106 ι
2956 1055 3125 1109 Μὲλει
3159 1055 3257 1124 μὲν
3287 1054 3397 1123 γὰρ
3433 1053 3582 1120 αὐτῷ
3614 1052 3711 1105 καὶ
3742 1051 3876 1121 περὶ
3911 1052 4017 1103 τῶν

2423 1151 2598 1217 ζώων,
2633 1152 2732 1222 οὐχ
2773 1150 2944 1213 οὕτως
2991 1149 3049 1202 δέ
3087 1149 3160 1211 ὡς
3202 1151 3296 1200 καὶ
3336 1149 3502 1217 νόμον
3541 1147 3610 1199 δι’
3637 1145 3838 1208 αὐτοὺς
3871 1143 4019 1196 τιοέ-

2422 1266 2533 1304 ναι.
2589 1248 2728 1301 Ἀλλ’
2763 1249 2827 1301 ἐκ
2855 1247 3047 1300 τούτου
3080 1243 3371 1297 παιδεῦσαι
3403 1243 3550 1311 ἡμᾶς
3582 1241 3860 1309 βούλεται,
3889 1240 4020 1300 τοὺς

2423 1343 2736 1404 κοπιῶντας
2766 1341 2838 1411 μὴ
2872 1341 3148 1405 ἀνονήτοις
3182 1339 3404 1406 κοπιᾷν,
3447 1334 3586 1388 ἀλλά
3630 1332 3935 1405 τρέφεσθαι
3960 1332 4020 1382 ἐκ

2421 1432 2530 1486 τῶν
2557 1435 2756 1485 πόνων.
2803 1431 2957 1483 Ἐπεὶ
2987 1425 3082 1482 οὖν
3115 1427 3210 1481 καλ⁸
3249 1426 3362 1492 ἐγὼ
3403 1426 3461 1487 ὃς
3490 1423 3782 1487 ἐκοπίασα,
3806 1423 4022 1482 δίκαιος

2425 1530 2575 1598 ήμην
2603 1526 2924 1596 τρέφεσθαι.
2975 1543 2994 1576 ι
3041 1525 3110 1577 Ἣ
3133 1523 3200 1576 δι’
3221 1524 3372 1591 ἡμᾶς
3402 1522 3619 1582 πάντως
3639 1520 3826 1586 λέγεις
3860 1537 3881 1569 ι
3927 1519 4020 1579 Τὸ,

2433 1639 2450 1672 ι
2473 1622 2710 1680 πάντως,
2727 1637 2743 1667 i
2760 1617 2834 1680 ὡς
2849 1618 2937 1668 ἐπί
2955 1615 3394 1682 ὁμολογουμένου
3415 1613 3570 1679 φησὶ,
3586 1612 3860 1672 τουτέστι,
3884 1612 4022 1662 πᾶσι

2423 1715 2668 1783 τρόποις.
2687 1731 2704 1761 ι
2719 1712 2841 1762 ’Ὁτι
2856 1709 2942 1761 ἐπ’
2966 1708 3142 1760 ἐλπίδι
3159 1706 3386 1774 ὀφείλει.
3402 1724 3420 1755 t
3439 1704 3733 1771 Ἐπέμεινε
3751 1706 3819 1770 τῇ
3839 1705 4021 1771 τροπῇ

2424 1804 2531 1855 τῶν
2558 1802 2715 1872 βοῶν.
2738 1803 2862 1852 Ὅτι
2901 1803 2929 1853 ὁ
2954 1797 3296 1859 διδάσκαλος,
3329 1796 3515 1866 φησὶν,
3541 1794 3744 1862 ὀφείλει
3782 1793 3896 1846 τῶν
3927 1792 4024 1844 πόο

2429 1914 2535 1947 νων
2582 1895 2727 1964 ἐχειν
2770 1890 3174 1962 ἀμοιϐὰς-,οὐχὶ
3228 1891 3312 1958 ἐφ’
3352 1889 3458 1954 ὅτῳ
3505 1888 3675 1957 μηδὲν
3707 1886 4025 1955 περαιτέρω

2429 1986 2782 2047 ἀπολαύσειν,
2825 1985 2940 2039 ἀλλ’
2977 1986 3063 2051 ἐφ’
3099 1976 3144 2051 ᾧ
3191 1981 3381 2035 ἐλπίδα
3427 1980 3572 2050 ἔχειν
3626 1981 3766 2047 μετά
3813 1978 4026 2043 ταύτην

2428 2083 2529 2151 τὴν
2570 2079 2909 2149 πρόσκαιρον
2964 2077 3060 2130 καὶ
3098 2076 3361 2146 βραχεῖαν
3407 2073 3733 2131 ἀπόλαυσιν,
3785 2074 3880 2123 καὶ
3917 2069 4027 2122 τῶν

2430 2170 2664 2226 αἰωνίων
2713 2169 2807 2222 καὶ
2849 2165 3146 2235 ὑπερφυῶν
3187 2167 3373 2234 τυχεῖν
3413 2162 3658 2230 ἀγαυῶν.
3709 2159 3880 2213 Τοῦτ-ι
3914 2159 4025 2226 γὰρ

2429 2265 2582 2333 δηλοῖ
2604 2262 2684 2327 τὺ,
2718 2280 2736 2312 ι
2774 2260 2882 2314 Καὶ
2905 2262 2933 2311 ό
2969 2257 3143 2311 ἀλοῶν
3175 2257 3270 2324 τῆς
3301 2255 3517 2314 ἐλπίδος
3561 2253 3726 2308 αὐτοῦ
3773 2254 4027 2319 μετέχειν

2432 2357 2518 2409 ἐπ’
2565 2354 2762 2407 ἐλπίδι.
2814 2372 2833 2404 t
2869 2352 2982 2414 Τῆς
3023 2349 3134 2421 γὰρ
3175 2348 3453 2410 διακονίας
3490 2349 3538 2399 οἱ
3581 2345 3873 2398 ἀ;.όςτολοι
3926 2343 4028 2410 τῆς

2432 2451 2523 2502 ἐπὶ
2551 2451 2616 2519 τῇ
2646 2447 2910 2518 διατροφῇ
2942 2444 3132 2498 ἐλπίδα
3169 2437 3316 2512 εἶχον
3359 2440 3511 2511 παρὰ
3555 2441 3666 2492 τῶν
3714 2439 3997 2508 μαθητευι

2437 2543 2614 2611 μένων
2637 2539 2954 2608 τυγχάνειν,
2979 2536 3075 2590 καὶ
3104 2534 3419 2604 ἐτύγχανον.
3446 2534 3521 2586 Οὐ
3564 2533 3746 2602 μέντοι
3774 2549 3838 2598 γε
3869 2529 4033 2581 τοῦτο

2431 2631 2500 2705 ἦν
2530 2632 2712 2694 αὐτοῖς
2741 2633 2773 2700 ἡ
2805 2627 2986 2681 τελεία
3029 2627 3211 2688 ἐλπῖς,
3253 2625 3388 2678 ἀλλὰ
3420 2623 3624 2692 ταύτης
3657 2621 4032 2682 ἀπολαύοντες

2433 2728 2534 2794 τῆς
2568 2724 2801 2787 ἐλπίδος,
2835 2721 2914 2773 ἔτι
2941 2719 3012 2772 τὰ
3053 2718 3279 2788 μείζονα
3312 2716 3673 2787 ἐκαροδόκουν
3717 2715 3812 2767 καὶ
3858 2714 4032 2781 ἤλπι-

2436 2821 2547 2884 ζον.
2581 2817 2754 2870 Τοῦτο
2797 2817 2850 2868 δέ
2894 2831 3080 2883 φησιν,
3132 2814 3214 2864 ὅτι
3245 2811 3415 2862 Οὐδὲν
3463 2810 3724 2862 ἐνέκοπτε
3777 2807 3876 2874 τὴν
3917 2805 4035 2856 τῶν

2439 2911 2744 2980 μελλόντων
2789 2906 2982 2958 ἐλπίδα
3018 2905 3111 2957 καὶ
3144 2902 3446 2954 ἀπόλαυσιν
3479 2901 3512 2969 ἡ
3560 2901 3661 2967 τῆς
3715 2899 3868 2968 παρὰ
3921 2898 4036 2948 τῶν

2440 3001 2901 3074 μαθητευομένων
2933 2997 3023 3049 ἐπὶ
3055 3001 3120 3066 τῇ
3150 2997 3322 3064 τροφῇ
3361 2992 3672 3062 ὑπηρεσίας
3700 2989 4032 3050 ἀπόλαυσις·

2437 3093 2686 3147 ἐντεῦθεν
2726 3090 2921 3159 δηλῶν,
2958 3089 3033 3152 ὡς
3080 3089 3272 3141 Καίτοι
3328 3087 3494 3156 μηδὲν
3563 3083 3814 3153 ἐμποδὼν
3868 3084 4032 3142 ὄντος

2439 3185 2576 3254 πρὸς
2624 3183 2726 3254 τὴν
2778 3182 2989 3235 ἐκεῖθεν
3046 3181 3348 3233 ἀπόλαυσιν
3396 3177 3492 3230 τοῦ
3527 3175 3829 3246 τρέφεσθαι
3879 3180 4038 3242 παρὰ

2437 3277 2547 3330 τῶν
2581 3273 2860 3344 μαθητῶν,
2910 3275 3059 3342 ὅμως
3103 3271 3200 3341 οὐχ
3251 3269 3498 3338 εἱλόμην.
3553 3268 3774 3320 Πλείοσι
3809 3265 3867 3318 δὲ
3899 3266 4037 3318 αὐτὸ

2440 3368 2864 3437 ἐπιχειρήμασιν
2895 3363 3178 3417 ἀκώλυτον
3217 3361 3276 3413 δν
3307 3357 3726 3422 κατασκευάζει,
3763 3358 3853 3410 διά
3881 3375 3940 3408 τε
3977 3356 4038 3408 τὸ

2441 3458 2752 3527 εἰρημένον,
2786 3457 2881 3510 καὶ
2923 3455 3009 3509 ἵνα
3061 3455 3136 3522 μὴ
3184 3451 3521 3522 ἀπεχόμενος
3556 3449 3734 3512 αὐτὸς,
3779 3450 3907 3510 τοὺς
3943 3448 4038 3497 ἀλ-

2442 3552 2565 3611 λους
2596 3549 2724 3620 δόξῃ
2751 3547 3067 3618 χρωμένους
3091 3546 3147 3597 ἐν
3171 3544 3390 3612 διαδολῇ
3418 3560 3522 3594 τινι
3553 3539 3839 3610 καθιστᾷν.
3875 3558 3892 3588 ι
3925 3541 3971 3590 Κ
3989 3541 4043 3590 ελ

2441 3641 2468 3691 ό
2502 3639 2673 3692 ἀλοῶν
2703 3639 2802 3707 τῆς
2820 3636 3055 3698 ἐλπίδος.
3092 3656 3108 3686 ι
3143 3635 3204 3686 Ἢ
3231 3633 3369 3702 αὐτὴ
3394 3633 3556 3690 πάλιν
3589 3631 3786 3700 τροπή.
3829 3647 3848 3679 ι
3875 3629 3987 3680 Καὶ
4013 3632 4039 3678 ο

2443 3731 2636 3792 ἀλοῶν,
2665 3732 2819 3800 φησὶ,
2844 3729 2944 3798 τῆς
2961 3729 3176 3790 ἐλπίδος
3198 3726 3361 3779 αὖτοῦ
3396 3724 3645 3793 μετέχειν
3667 3723 3752 3773 ἐπ’
3775 3721 3975 3773 ἐλπίδι.
4017 3740 4032 3770 ι

2445 3823 2667 3891 Ἐπειδὴ
2696 3822 2805 3890 γὰρ
2829 3823 2856 3873 ὁ
2885 3821 3177 3891 ἀροτριῶν,
3203 3819 3290 3871 ἐπ’
3327 3817 3501 3869 ἐλπίδι
3542 3816 3794 3884 ἀροτριᾷ,
3828 3814 4041 3882 ταύτης

2443 3917 2540 3982 τῆς
2571 3913 2785 3973 ἐλπίδος
2816 3913 3004 3966 λοιπὸν
3046 3913 3139 3965 καὶ
3184 3914 3210 3963 ὁ
3256 3910 3432 3964 ἀλοῶν
3463 3908 3666 3976 ὀφείλει
3703 3907 4039 3963 ἀπολαῦσαι.

2445 4007 2508 4076 ἥν
2550 4006 2774 4075 ἤλπισεν
2815 4006 2871 4058 ἐν
2906 4005 2982 4073 τῷ
3015 4004 3293 4075 ἀροτριᾷν.
3335 4001 3435 4064 Τίς
3467 4000 3521 4052 δὲ
3553 4001 3587 4068 ἡ
3628 3997 3814 4060 ἐλπὶςς
3847 3998 3908 4048 τὺ
3946 4015 4040 4065 με·

2445 4099 2700 4151 ταλαεείν
2751 4099 2992 4166 δηλονότι
3045 4097 3151 4149 τῶν
3185 4093 3435 4164 καρπῶν.
3486 4089 3617 4144 Εἶτα
3656 4090 4041 4160 προατίῦησι·.,

2453 4213 2470 4243 ι
2513 4192 2629 4244 Ἐπ’
2657 4191 2851 4243 ἐλπίδι.
2893 4208 2911 4239 ι
2951 4191 3068 4240 Ἵνα
3103 4189 3211 4257 γὰρ
3259 4187 3333 4256 μή
3383 4203 3467 4248 τις
3507 4186 3656 4254 εἴπῃ,
3691 4185 3815 4236 Τῶν
3850 4186 4044 4235 τοσοί-

2446 4303 2556 4338 ¹των
2587 4283 2680 4337 οὖν
2738 4283 2918 4336 πόνων
2950 4277 3024 4334 ὦν
3061 4280 3426 4348 ὑπομένουσιν
3467 4278 3514 4329 οξ
3546 4275 3863 4334 ἀπόστολοι.
3901 4276 4044 4344 αὕτη

2448 4378 2596 4430 ἐστὶν
2627 4379 2660 4446 ἡ
2695 4375 2920 4446 ἀμοιϐὴ,
2951 4374 3012 4426 τὸ
3039 4371 3278 4434 ἐσθίεινς
3316 4368 3686 4438 προσέθηκεν,
3727 4387 3746 4418 ι
3800 4367 3923 4419 Ἐπ’
3955 4367 4045 4418 ξλ-

2451 4469 2585 4522 πίδι.
2626 4487 2644 4518 ι
2685 4467 3002 4528 Τουτέστιν,
3054 4463 3141 4516 ἐπ’
3191 4461 3368 4514 ἐλπίδι
3421 4461 3519 4529 μέν
3568 4458 3678 4510 τῶν
3736 4459 4047 4527 μελλόντων

760 4585 855 4635 spe
887 4566 1110 4636 quidem
1142 4564 1454 4618 futurorum
1493 4563 1761 4617 bonorum
1797 4561 2051 4615 laborant
2082 4560 2333 4629 apostoli,

2450 4559 2672 4629 ἀγαθῶν
2723 4560 2772 4611 οἱ
2809 4555 3098 4610 ἀπόστολοι
3141 4551 3434 4623 μοχθοῦσι,
3484 4549 3622 4617 πλὴν
3673 4549 3754 4600 δεῖ
3808 4549 3907 4600 καὶ
3955 4552 4045 4601 ὲν-

761 4670 1001 4716 attamen
1027 4666 1246 4728 oportet
1269 4671 1489 4726 quoque
1516 4656 1644 4709 hinc
1671 4655 1724 4707 in
1759 4652 2104 4724 refrigerium
2138 4653 2343 4706 habere

763 4760 1063 4822 sumptum,
1091 4751 1160 4804 ab
1192 4749 1279 4802 bis
1301 4749 1394 4818 qui
1424 4747 1712 4802 docentur.
1747 4747 1863 4800 Hoc
1889 4753 2071 4798 autem
2103 4743 2347 4798 ostendit

763 4845 910 4914 quod
939 4844 1042 4898 sub
1072 4843 1255 4896 lutura
1288 4855 1382 4910 spe
1416 4839 1744 4909 participem
1778 4851 1901 4892 esse
1930 4844 2184 4907 oporteat
2211 4837 2344 4890 alte-

765 4954 882 4992 rius
911 4951 1131 5007 quoque
1161 4934 1300 5004 spei,
1334 4934 1438 4987 hoc
1467 4943 1570 4992 est.
1601 4930 1846 4985 alimenti
1891 4945 1954 4984 ac
1993 4938 2346 4984 caeterorum.

836 5032 930 5090 lx.
967 5031 1055 5095 Η,
1089 5029 1172 5084 l2.
1217 5026 1274 5082 Si
1316 5043 1408 5080 nos
1439 5027 1580 5080 vobis
1609 5024 1913 5095 spiritualia
1949 5024 2348 5084 seminavimus,

768 5141 1021 5195 magnum
1051 5132 1127 5177 est
1165 5123 1211 5176 si
1247 5137 1339 5176 nos
1371 5120 1615 5174 carnalia
1646 5126 1818 5174 vestra
1848 5116 2262 5170 messuarimus.’
2292 5114 2350 5170 Si

767 5221 862 5278 alii
899 5219 1173 5290 potestatis
1205 5232 1332 5286 erga
1359 5231 1446 5269 vos
1481 5213 1763 5283 participes
1798 5219 1943 5271 sunt,
1977 5225 2072 5262 cur
2111 5225 2212 5261 non
2254 5225 2350 5277 po-

769 5318 870 5368 tius
953 5313 1090 5366 nos?
1137 5310 1296 5375 Atqui
1348 5324 1454 5361 non
1525 5306 1604 5360 usi
1670 5321 1852 5357 sumus
1891 5311 2147 5373 potestate
2197 5305 2351 5355 ista:

765 5412 857 5462 sed
901 5406 1080 5460 omnia
1124 5405 1421 5475 sun'erimus
1465 5415 1529 5454 ne
1574 5398 1712 5468 quod
1761 5396 2131 5467 oﬁendiculum
2172 5397 2355 5449 demus

771 5501 1064 5571 Evangelia
1095 5498 1309 5554 Christi.

842 5592 1051 5648 Deinde
1083 5591 1231 5646 aliud
1265 5602 1485 5659 quoque
1521 5585 1678 5648 dicit,
1708 5592 1769 5638 ut
1802 5581 2056 5637 ostendat
2092 5592 2352 5652 Oportere

771 5693 1166 5756 praeceptorem
1199 5680 1293 5734 ali.
1325 5678 1444 5733 Non
1481 5685 1542 5730 ut
1573 5674 1796 5739 similia,
1830 5673 2029 5743 inquit,
2066 5672 2356 5742 pra-beatis

779 5779 868 5834 bis
897 5793 1020 5846 quae
1034 5772 1346 5845 accepistis.
1364 5771 1501 5826 Nam
1532 5768 1577 5822 si
1604 5782 1706 5822 nos
1729 5767 2036 5837 spiritualia
2065 5766 2120 5819 in
2145 5780 2240 5818 vos
2270 5781 2355 5820 se-

776 5867 1129 5934 minavimus,
1158 5865 1260 5920 hoc
1288 5872 1394 5931 est,
1418 5859 1774 5934 praebuimus,
1813 5873 1880 5914 an
1909 5871 2162 5928 magnum
2197 5863 2279 5910 est
2311 5855 2353 5910 si

2452 4653 2645 4707 τεῦθεν
2674 4651 2822 4723 ἔχειν
2847 4647 3178 4718 παραψυχὴν
3207 4646 3306 4715 τὴν
3338 4643 3489 4713 παρᾶ
3513 4642 3622 4694 τῶν
3659 4640 4047 4710 μαθητευομέ-

2456 4765 2562 4800 νων
2597 4743 2882 4814 χορηγίαν.
2914 4739 3085 4794 Τοῦτο
3113 4738 3170 4791 δέ
3215 4736 3387 4805 δηλοῖ,
3419 4736 3500 4787 ὃτι
3524 4734 3616 4785 ἐπὶ
3656 4736 3721 4802 τῇ
3769 4733 4046 4803 μελλούσῃ

2457 4837 2632 4894 ἐλπίδι
2682 4836 2763 4890 δεῖ
2826 4833 3077 4902 μετέχειν
3129 4829 3226 4884 καὶ
3261 4828 3456 4898 ἐτέρας
3512 4825 3748 4888 ἐλπίδος,
3797 4829 4048 4880 τουτέστι

2458 4928 2668 5004 τροφῆς
2706 4925 2804 4980 καὶ
2831 4926 2938 4977 τῶν
2970 4920 3195 4976 λοιπῶν.

2533 5026 2598 5078 El
2626 5020 2796 5089 ἡμεῖς
2825 5018 2966 5086 ὑμῖν
2990 5019 3060 5070 τὰ
3077 5014 3452 5083 πνευματικὰ
3477 5014 3868 5081 ἐσπείραμεν,
3897 5012 4051 5080 μέγι

2457 5120 2508 5171 εὶ
2544 5114 2714 5185 ἡμεῖς
2745 5111 2912 5182 ὑμῶν
2963 5111 3036 5164 τὰ
3085 5108 3343 5175 σαρκικὰ
3372 5110 3720 5175 θερι¹σομεν;
3749 5108 3820 5158 El
3869 5106 4046 5158 (7.1.10

2460 5207 2570 5276 τῆς
2638 5205 2928 5270 ἐξουσίας
2993 5200 3160 5271 ὑμῶν
3209 5199 3608 5268 μετέχοῠσιν,
3672 5200 3744 5251 οὐ
3801 5196 4053 5265 μᾶλλον

2459 5301 2665 5370 ήμεῖςς
2694 5299 2849 5352 Ἀλλ’
2874 5299 2984 5350 οὐκ
3013 5291 3499 5363 ἐχρησάμεθα.τῇ
3538 5292 3792 5356 ἐξουσίᾳ
3839 5293 4051 5355 ταύτῃ,

2458 5395 2618 5450 ἀλλὰ
2644 5393 2842 5445 πάντα
2872 5387 3186 5455 στέγομεν,
3216 5387 3318 5438 ἵνα
3344 5383 3429 5453 μὴ
3462 5383 3729 5453 ἐγκοπήν
3773 5399 3911 5436 τινα
3941 5382 4053 5435 δῶ-

2451 5505 2567 5558 μεν
2599 5487 2679 5550 τῷ
2708 5483 3054 5551 Εὑαγγελίῳ
3081 5479 3186 5532 τοῦ
3218 5477 3495 5545 Χριστοῦ.

2530 5575 2663 5633 Εἶτα
2707 5576 2800 5629 καὶ
2833 5574 2962 5628 ἄλλο
2991 5574 3158 5640 λέγει,
3192 5571 3404 5633 δεικνὺς
3444 5572 3553 5624 δεῖν
3585 5570 3674 5623 τὸν
3722 5570 4050 5640 διδάσκαλον

2456 5671 2776 5745 τρέφεσθαι.
2807 5669 2882 5722 Οὐ
2905 5665 3014 5734 γὰρ
3037 5666 3219 5733 ὃμοια,
3251 5664 3435 5732 φησὶν,
3465 5684 3538 5716 ων
3565 5663 3874 5732 λαμῦἀνετε
3908 5680 4050 5731 παρ-

2462 5767 2634 5836 έχετε.
2672 5764 2733 5815 Ei
2772 5761 2882 5831 γὰρ
2913 5760 3074 5829 ἡμεῖς
3102 5760 3168 5810 τὰ
3201 5758 3546 5828 πνευματικά
3572 5760 3648 5820 εἰς
3679 5757 3824 5824 ὑμᾶς
3847 5754 4054 5807 iani-

2467 5873 2662 5932 ραμεν,
2709 5852 2982 5925 τουτέστι,
3020 5849 3389 5920 παρέσχομεν,
3434 5851 3574 5920 μέγα
3637 5850 3784 5900 ἐστὶν
3846 5847 3946 5898 ἐὰν
3985 5847 4056 5899 τα
