4204 6464
154 369 264 435 761

1099 374 1488 440 COthENT.
1523 381 1602 439 ΙΝ
1639 383 1880 440 EPIST.
1927 389 1953 441 1
1996 394 2096 443 Au
2137 388 2502 448 LURUNTH.

3318 388 3431 454 762

149 483 400 550 οαρκικὲ
440 483 728 552 λάϐωμεν,
786 483 1133 553 πνευματικὰ
1182 485 1280 555 τὴν
1313 494 1494 542 πίστιν
1541 489 1738 558 λέγων,

1853 491 2085 546 carnalia
2127 494 2508 562 accipiamus?
2538 494 2848 565 spiritualia
2881 495 3073 551 dicens
3099 495 3282 555 ﬁdem.
3309 515 3431 551 car-

152 572 402 644 σαρκικὰ
444 573 503 626 δὲ
533 574 633 643 τὴν
667 575 894 644 τροφήν.
934 592 952 625 ι
1001 574 1064 626 ΕΞ
1093 574 1242 628 ἄλλοι
1275 577 1374 643 τῆς
1407 579 1674 644 ἐξουσίας.
1715 599 1734 630 ι

149 666 321 734 Δηλοῖ
367 684 524 727 τινας
567 667 914 728 ἀπατεῶνας,
951 667 1288 736 κρατοῦντας
1322 670 1526 736 αὐτῶν,
1556 672 1649 725 καὶ
1678 673 1738 724 οὐ

155 756 324 826 μόνον
353 760 483 828 παρ’
516 759 702 821 αὐτοῖς
750 758 1050 823 ἐσθίοντας,
1085 757 1222 812 ἀλλὰ
1253 761 1348 813 καὶ
1401 760 1740 826 ἐξουσιάζονο

151 866 253 911 τας
290 852 494 904 αὐτῶν.
533 852 594 904 ΕΞ
631 850 723 905 οὖν
749 853 967 911 ἐκεῖνοι,
1009 852 1164 918 φησι,
1196 854 1291 920 τῆς
1329 854 1576 918 ἐξουσίας
1613 873 1741 922 μετ-

151 941 376 1010 έχουσιν
417 945 476 995 ὲν
509 944 589 1014 τῷ
630 946 820 1015 ἄρχειν
859 947 1030 1016 ὑμῶν,
1079 945 1178 1019 οὐκ
1223 943 1333 1016 ἆρα
1366 949 1527 1016 ἡμεῖς
1573 949 1742 1016 ἐσμεν

153 1031 358 1085 δίκαιοι
395 1035 598 1102 μᾶλλον
648 1039 809 1092 τοῦτο
847 1043 1055 1105 ποιεῖν;
1113 1058 1130 1091 ι
1184 1038 1323 1092 Ἀλλ’
1356 1039 1455 1090 οὐκ
1507 1038 1745 1108 ἐχρησά-

157 1123 300 1191 μεθα
331 1127 400 1194 τῇ
436 1125 657 1196 ἐξουσίᾳ
693 1129 889 1199 ταύτῃ.
931 1149 950 1182 ι
1004 1132 1169 1203 Ὁρᾷς
1202 1130 1305 1182 ποῦ
1335 1130 1640 1183 ἀποδίδοται
1683 1128 1744 1182 τὸ

155 1217 541 1287 συμπέρασμα
590 1220 685 1272 τοῦ
736 1225 1043 1291 νοήματοςς
1095 1225 1156 1275 El
1209 1223 1317 1292 γὰρ
1365 1222 1460 1274 καὶ
1510 1217 1578 1290 ἧν
1631 1238 1743 1290 μοι,

157 1307 350 1376 φησὶν,
380 1309 604 1383 ἐξουσία
629 1312 724 1364 τοῦ
757 1313 1058 1382 λαμϐάνειν
1086 1316 1214 1383 παρ’
1243 1313 1419 1383 ὑμῶν,
1451 1312 1525 1374 ὡς
1553 1313 1744 1366 ἀποδέ-

153 1399 368 1451 δεικται
404 1400 468 1452 ἐκ
498 1418 557 1453 τε
607 1401 701 1454 τοῦ
748 1405 924 1457 ταῦτα
983 1406 1158 1458 ποιεῖν
1195 1406 1322 1468 τοὺς
1355 1403 1575 1467 λοιποὺς
1607 1405 1746 1456 ἀπο-

157 1492 406 1555 στόλους,
439 1495 532 1546 καὶ
562 1493 621 1560 ἐξ
652 1489 728 1549 ὦν
767 1496 1090 1567 παρεθέμην
1137 1497 1620 1567 παραδειγμάτων,
1653 1493 1748 1548 καὶ

155 1582 250 1634 τοῦ
278 1586 448 1651 νόμου
477 1588 740 1650 Μωσέως·
771 1591 921 1658 ὅμως
950 1589 1104 1641 οὐδὲν
1129 1590 1348 1659 εἴληφα,
1386 1586 1749 1657 δεδοικὼςμὴ

153 1673 318 1727 τοῦτό
369 1693 521 1740 τινας
559 1679 767 1748 autem
815 1680 952 1748 πρὸς
999 1683 1096 1750 τὴν
1142 1681 1348 1734 πίστιν.
1395 1681 1456 1732 Εἰ
1495 1679 1586 1732 οὗν
1613 1677 1746 1745 ἐγὼ,

156 1767 294 1832 φησὶ
337 1767 518 1831 (τοῦτο
550 1768 660 1838 γὰρ
689 1767 938 1837 βούλεται
970 1770 1031 1823 τὸ
1060 1771 1284 1840 νόημα),
1313 1769 1534 1823 καὶτῶν
1563 1771 1745 1822 ἐπιτε-

153 1858 494 1925 τραμμένων
533 1860 808 1930 ἀπέχομαι
837 1861 925 1914 διὰ
961 1862 1023 1913 τὸ
1058 1862 1132 1931 μὴ
1167 1839 1518 1915 σκανδαλίσαι
1565 1862 1744 1922 τινας.
1775 1839 1823 1897 Β

156 1947 275 2009 πῶς
311 1949 469 2017 ὑμεῖς
501 1950 622 2004 οὐδὲ
650 1952 759 2005 τῶν
793 1952 1161 2006 εἰδωλοθύτων
1188 1955 1458 2025 ἀπέχεσθε
1490 1955 1583 2008 καὶ
1611 1955 1748 2019 ὅλως

157 2043 658 2112 ἀπηγορευμένων,
720 2047 860 2117 ὑπὲρ
908 2046 1003 2100 τοῦ
1061 2049 1135 2119 μὴ
1194 2048 1570 2113 σκανδαλίζειν
1620 2053 1746 2112 τοὺς

159 2133 588 2207 ἀσθενεστέρους
611 2139 721 2192 τῶν
755 2140 1030 2209 ἁδε).φῶι);
1079 2159 1098 2192 ‹
1137 2143 1215 2211 Τῇ
1254 2143 1471 2212 ἐξουσίᾳ
1494 2143 1688 2216 ταύτῃ.
1724 2163 1742 2195 ι

158 2224 484 2293 Τουτέστιν,
519 2232 688 2284 Οὐδὲν
719 2235 872 2302 παρά
901 2250 1047 2296 τινος
1083 2233 1295 2286 ἔλαϐον.
1340 2254 1358 2287 ι
1382 2235 1543 2288 Ἀλλὰ
1571 2230 1748 2289 πᾶντα

157 2321 452 2390 στέγομεν.
488 2341 506 2372 ι
546 2325 660 2377 Ἵνα
691 2326 800 2395 γὰρ
839 2329 1020 2396 μήτις
1042 2328 1193 2396 εἴπῃ,
1216 2328 1336 2380 Ὅτι
1365 2327 1463 2381 οὐκ
1493 2328 1744 2401 ἔχρῃζες,

155 2416 242 2465 διὰ
275 2415 436 2469 τοῦτο
467 2418 568 2470 οὑκ
596 2418 809 2482 ἔλαϐες,
844 2421 1065 2488 ἐπάγει,
1104 2438 1123 2471 ι
1169 2418 1332 2474 Ἀλλὰ
1359 2422 1538 2474 πάντα
1561 2421 1751 2488 στέγο-

160 2525 284 2574 ινεν,
326 2529 346 2560 ι
375 2504 486 2562 οἷον
543 2515 756 2578 πεῖναν,
802 2514 896 2566 καὶ
942 2513 1124 2582 δίψαν,
1168 2514 1263 2565 καὶ
1293 2514 1630 2584 γυμνότητα,
1663 2514 1749 2568 ἵνα

161 2600 325 2666 μόνον
370 2603 442 2672 μή
473 2619 558 2665 τις
592 2604 803 2675 ὲγκοπὴ
839 2607 1090 2674 γένηται,
1113 2603 1396 2658 τουτέστιν
1427 2608 1460 2676 ή
1508 2607 1750 2676 τυχοῦσα

156 2693 401 2762 ἀναϐολὴ
439 2697 579 2762 πρὸς
605 2696 661 2748 τὸ
694 2698 1023 2764 Εὐαγγέλιον
1053 2700 1147 2752 καὶ
1178 2701 1238 2752 τὸ
1271 2702 1562 2770 κήρυγμα.

233 2787 358 2838 Οὐκ
405 2787 607 2841 οἴδατε
643 2789 732 2841 ὅτι
761 2793 814 2842 οἱ
841 2792 911 2843 τὰ
943 2793 1071 2859 ἱερὰ
1103 2793 1478 2860 ἐργαζόμενοι
1533 2793 1600 2846 ἐκ
1644 2793 1750 2846 τοῦ

160 2879 326 2945 ἱεροῦ
406 2880 765 2946 ἐσθίουσιν;
819 2885 874 2934 οι
938 2883 1019 2949 τῷ
1093 2887 1506 2950 θυσιαστηρίῳ
1564 2901 1747 2949 προσ-

159 2971 532 3038 εδρεύοντες,
569 2973 648 3038 τῷ
683 2977 1092 3044 θυσιαστηρίῳ
1121 2976 1611 3046 συμμερίζονται;
1638 2977 1750 3030 Οὗ-

161 3080 278 3128 τως
324 3068 424 3118 καὶ
464 3070 495 3118 ὁ
536 3069 752 3133 Κύριος
795 3068 1050 3130 διέταέε,
1099 3070 1221 3133 τοῖς
1267 3069 1332 3120 τὸ
1383 3069 1752 3138 Edam-+5.1:an

1846 582 1990 634 nalia
2019 599 2153 637 vero
2185 584 2530 639 alimentum.
2572 605 2590 636 ‹
2625 585 2679 641 Si
2712 586 2806 640 alii
2838 586 3143 655 potestatis.
3178 606 3195 638 ι
3227 587 3436 640 lndicat

1846 675 2113 742 quosdam
2151 677 2481 745 impostores
2509 677 2603 746 qui
2639 679 2787 747 ipsos
2813 677 2986 732 veluti
3023 678 3382 746 possidebant
3419 693 3430 728 :

1845 783 1946 821 nec
2005 769 2183 822 solum
2227 771 2369 838 apud
2412 786 2509 824 eos
2539 770 2775 824 cili-bant
2815 789 2828 824 :
2867 771 2962 825 sed
3011 780 3070 824 et
3110 780 3436 840 potestatem

1845 873 1974 928 erga
2002 858 2151 928 ipsos
2181 859 2477 916 habebant.
2508 862 2561 915 Si
2596 863 2763 929 igitur
2789 862 2890 924 illi,
2919 862 3118 931 inquit,
3149 862 3434 930 potestati.»

1844 967 1973 1022 erga
2006 970 2103 1006 vos
2132 954 2432 1023 participes
2462 967 2611 1017 sunt.
2646 959 2720 1010 ita
2755 969 2815 1011 ut
2844 958 3001 1012 vobis
3030 958 3389 1012 dominentur
3422 976 3435 1011 ι

1848 1062 1988 1100 anne
2033 1063 2228 1102 smnus
2280 1064 2381 1102 nos
2425 1048 2608 1102 idonei
2663 1051 2754 1118 qui
2792 1050 2965 1120 magis
2999 1052 3102 1105 hoc
3133 1050 3439 1105 faciamus!

1855 1155 1872 1187 ι
1903 1138 2066 1207 Atqui
2115 1156 2221 1194 non
2265 1142 2348 1194 usi
2395 1156 2588 1194 sumus
2621 1150 2891 1210 potestate
2935 1143 3060 1197 ista.
3095 1162 3114 1194 ι
3148 1143 3314 1198 Vides
3345 1144 3439 1196 ubi

1849 1229 2045 1284 reddat
2096 1220 2202 1284 sui'
2231 1233 2425 1286 intenti
2479 1234 2946 1288 conclusionem?
3003 1237 3219 1290 Etenim
3264 1252 3441 1306 quan—

1850 1339 2014 1392 quam
2051 1338 2401 1387 concessum,
2445 1324 2646 1394 inquit.
2682 1326 2819 1380 mihi
2856 1334 2977 1381 erat
3007 1335 3067 1380 ut
3095 1343 3124 1381 a
3155 1329 3313 1382 vobis
3341 1344 3438 1382 ac-

1850 1417 2114 1486 ciperem,
2143 1416 2312 1470 veluti
2340 1415 2779 1471 demonstratum
2815 1426 2921 1483 est,
2955 1429 3071 1472 tum
3099 1436 3166 1472 ex
3197 1435 3262 1473 eo
3290 1421 3441 1488 quod

1851 1507 1926 1561 ita
1970 1508 2173 1560 faciant
2212 1507 2398 1562 caeteri
2444 1508 2704 1576 apostoli,
2753 1517 2866 1562 tum
2907 1525 2975 1564 ex
3015 1512 3286 1580 exemplis
3322 1529 3444 1580 quae

1851 1597 2139 1666 proposui,
2185 1607 2300 1651 tum
2343 1612 2410 1650 ex
2445 1599 2564 1666 lege
2595 1599 2772 1664 Mosi;
2815 1599 2952 1652 nihil
2995 1579 3192 1654 tamen
3225 1579 3440 1669 accepi,

1852 1689 2054 1744 timens
2101 1706 2171 1745 ne
2207 1691 2312 1744 hoc
2357 1691 2575 1760 aliquos
2616 1691 2922 1746 oﬂenderet
2963 1694 3110 1746 circa
3147 1694 3354 1754 Iidem;
3397 1696 3442 1747 si

1851 1797 1983 1852 ergo
2012 1799 2115 1852 ego
2156 1785 2303 1845 (nam
2348 1784 2452 1837 hoc
2491 1784 2664 1852 ipsius
2703 1785 2980 1839 intentum
3013 1785 3119 1851 est)
3149 1790 3316 1839 etiam
3355 1785 3444 1838 his

1851 1891 1973 1942 qua:
2001 1875 2265 1943 permissa
2293 1884 2422 1926 sunt
2463 1874 2735 1934 abstineo,
2768 1890 2835 1927 ne
2866 1876 3080 1944 aliquos
3109 1875 3386 1929 oil‘endam
3421 1914 3437 1934 .

1850 1965 2128 2034 quomodo
2170 1980 2267 2018 vos
2313 1981 2381 2018 ne
2423 1963 2492 2017 ab
2533 1964 2852 2034 idolothytis
2887 1966 3111 2032 quidem
3156 1966 3445 2020 abstinetis

1850 2071 1974 2126 qua:
2014 2055 2240 2108 omnino
2271 2053 2437 2108 vetita
2475 2063 2637 2115 snnt,
2662 2069 2729 2107 ne
2771 2054 3232 2108 imbecillioribus
3261 2056 3448 2108 fratri-

1852 2148 1955 2201 bus
1982 2146 2320 2201 oﬂ‘endieulo
2351 2146 2490 2198 sitis.
2531 2165 2549 2196 ι
2589 2146 2865 2199 Potestate
2913 2147 3040 2201 ista.
3090 2167 3110 2199 ι
3163 2147 3278 2201 Hoc
3325 2157 3440 2207 est.

1851 2239 1987 2293 nihil
2021 2255 2051 2292 a
2089 2253 2366 2308 quoquam
2403 2237 2609 2305 aCCepi.
2655 2255 2672 2284 ι
2706 2237 2812 2290 Sed
2853 2239 3038 2291 omnia
3072 2238 3378 2293 offerimus.
3425 2257 3440 2288 ο

1849 2332 1929 2388 Ne
1961 2332 2109 2387 enim
2153 2334 2280 2402 quis
2320 2331 2472 2386 dicat
2522 2346 2535 2383 :
2584 2329 2704 2383 Non
2749 2330 2970 2400 egebas.
3007 2342 3300 2400 propterea
3333 2348 3446 2385 non

1851 2422 2136 2490 accepisti.
2161 2421 2443 2489 subiungit
2472 2437 2485 2472 :
2513 2439 2531 2470 ι
2559 2417 2664 2472 Sed
2689 2420 2873 2472 omnia
2899 2418 3240 2484 sull'erimus,
3272 2439 3290 2468 ι
3317 2428 3445 2488 puta

1854 2512 2076 2576 famem,
2111 2513 2268 2583 501
2305 2510 2476 2571 sitim.
2508 2511 2812 2566 nuditatem
2855 2527 2874 2564 :
2906 2512 3083 2564 solum
3117 2529 3184 2565 ne
3213 2529 3321 2581 qua
3354 2511 3449 2564 ﬁat

1852 2604 2107 2669 oﬂ'ensio,
2143 2607 2246 2659 hoc
2277 2619 2384 2671 est,
2432 2621 2500 2660 ne
2546 2605 2678 2674 quid
2731 2614 3043 2659 remoretur
3088 2607 3446 2676 Erangelium

1854 2711 1919 2750 ac
1953 2699 2424 2766 praedicationem.

1927 2789 2017 2852 IX,
2058 2791 2145 2850 15,
2187 2790 2271 2843 Η.
2305 2794 2382 2842 Au
2415 2791 2628 2845 nescitis
2658 2793 2794 2857 quod
2827 2793 2864 2843 ii
2896 2793 2986 2859 qui
3025 2809 3181 2844 sacra
3219 2808 3438 2858 operan-

1855 2891 1962 2942 tur,
1991 2896 2055 2932 ea:
2090 2880 2280 2946 templo
2307 2881 2469 2932 edunt
2497 2883 2520 2934 Ρ
2557 2879 2659 2943 Qui
2684 2882 2844 2932 altari
2876 2885 3155 2945 tissimi)",
3191 2899 3290 2934 tum
3329 2900 3445 2933 cum

1854 2974 2018 3025 altari
2058 2988 2259 3038 partem
2298 2974 2563 3037 "impium
2600 2979 2625 3024 ξ’
2663 2972 2745 3026 Ila
2775 2986 2821 3025 et
2861 2974 3117 3026 Dominus
3158 2974 3447 3028 ordinarii,

1853 3072 1910 3113 ut
1944 3063 2032 3130 qui
2067 3062 2405 3129 Iit-augebunt
2444 3071 2784 3122 ammnttanl,
2816 3079 2879 3113 ea;
2923 3063 3208 3132 Evangelia
3245 3066 3440 3117 rivum.

158 3156 707 3223 καταγγέλλουσιν,
736 3158 803 3211 ἐκ
827 3159 932 3212 τοῦ
966 3160 1337 3229 Edam-aliae
1356 3159 1483 3226 ζᾶν.
1517 3160 1669 3231 Ἐγὼ
1687 3161 1749 3214 δὲ

1864 3150 1976 3220 ligo
2013 3161 2186 3204 tamen
2221 3151 2367 3203 nullo
2397 3151 2585 3204 horum
2619 3168 2746 3205 usus
2777 3169 2914 3205 sum.

163 3244 372 3299 οὐδενὶ
400 3248 766 3317 ἐχρησάμην
793 3251 1045 3304 τούτων.

228 3336 322 3404 Μὴ
348 3337 636 3403 ἀρκεσθεὶς
654 3341 765 3401 τοῖς
785 3343 1040 3410 πρώτοις,
1069 3341 1165 3394 καὶ
1190 3342 1352 3411 ἕτερα
1375 3343 1595 3410 ἐπάγει,
1647 3345 1756 3397 δει-

161 3429 295 3491 κνὺς
313 3428 390 3491 ὡς
418 3429 546 3500 ἐξῆν
575 3432 724 3502 αὐτῷ
754 3432 906 3501 παρὰ
933 3433 1040 3485 τῶν
1083 3433 1345 3503 μαθητῶν
1399 3435 1604 3498 λαϐεῖν,
1662 3437 1755 3488 καί

159 3539 349 3590 φησιν’
388 3541 406 3574 ι
437 3524 498 3574 υἱ
529 3523 598 3576 τὰ
625 3524 745 3592 ἱερά
767 3523 1145 3594 ἐργαζόμενοι.
1182 3544 1200 3576 ι
1231 3526 1546 3591 Τουτέστιν,
1566 3529 1614 3579 0i
1648 3545 1753 3581 πα·

161 3613 491 3681 ραμένοντες
511 3613 586 3683 τῷ
609 3615 740 3685 ἱερῷ
763 3618 856 3669 καὶ
873 3617 972 3680 τὰς
995 3620 1052 3668 ὲν
1069 3618 1218 3685 αὖτῷ
1237 3619 1576 3686 λειτουργίας
1602 3622 1756 3672 ἐκτε-

155 3705 379 3767 λοῦντες
414 3707 576 3776 ἱερεῖς
603 3724 661 3758 τε
689 3708 783 3761 καὶ
812 3707 1058 3762 Λευῖται.
1097 3727 1114 3760 ι
1139 3710 1234 3762 Ἐκ
1259 3708 1352 3763 τοῦ
1375 3711 1519 3781 ἱεροῦ
1543 3711 1758 3765 ἐσθίου-

161 3815 264 3848 σιν.
282 3816 299 3846 ι
327 3798 443 3850 Οὐκ
464 3794 742 3860 εἷπεν,Ἐκ
765 3801 872 3854 τῶν
894 3802 1330 3872 προσφερόντων,
1357 3803 1442 3854 ἵνα
1470 3806 1607 3873 μήτε
1629 3806 1758 3869 τοὺς

158 3891 544 3959 λαμϐάνοντας
578 3893 853 3966 εὐτελίσῃ,
903 3895 1041 3964 μήτε
1075 3895 1199 3957 τοὺς
1259 3895 1498 3959 διδόντας
1551 3898 1753 3970 ἐπάρῃ,

156 3985 297 4047 ἀλλ’,
331 4003 349 4036 ι
405 3986 499 4038 Ἐκ
529 3986 622 4038 τοῦ
654 3987 823 4056 ἱεροῦ,
857 4006 873 4038 ι
909 3989 1096 4057 φησίψ
1127 4007 1145 4040 ι
1177 3990 1242 4040 Οἱ
1272 3989 1349 4056 τῷ
1386 3989 1757 4061 θυσιαστηρίῳ

157 4077 636 4147 προσεδρεύοντες.
670 4097 688 4129 ι
722 4109 788 4120 -
821 4078 1320 4151 [01ΚΟΥΜ.]Ἱερὰ
1341 4081 1762 4153 μὲνὲργαζομέ-

158 4187 283 4230 νους
299 4171 429 4231 τοὺς
451 4169 682 4231 Λευῖτας
711 4172 894 4240 φησὶν,
922 4171 970 4222 οῖ
1000 4172 1067 4224 τὰ
1098 4172 1396 4227 ὲπιδέκατα
1428 4174 1755 4243 ἐλάμϐανον.

157 4263 551 4332 Θυσιαστηρίῳ
571 4263 631 4315 δὲ
657 4263 1120 4332 προσεδρεύοντας
1139 4265 1266 4324 τοὺς
1291 4266 1493 4335 ἱερέας,
1511 4267 1560 4318 οἳ
1576 4268 1756 4320 ἐκτῶν

158 4354 421 4423 θυμάτων
439 4352 977 4423 εἷχονάφαιρήματα.
1001 4374 1020 4406 ι
1046 4354 1136 4424 Τῷ
1155 4354 1524 4426 θυσιαστηρίῳ
1545 4374 1608 4409 συ
1617 4375 1653 4426 μ
1662 4374 1758 4426 με·

160 4445 428 4515 ρίζονται.
446 4465 463 4496 ι
476 4446 642 4498 Πάλιν
658 4447 752 4498 καὶ
768 4439 872 4498 ὧδε
892 4448 983 4499 τὸν
1001 4447 1164 4498 αὑτὸν
1178 4443 1294 4498 εἶπε
1313 4447 1534 4515 τρόπον.
1551 4449 1626 4500 Οὐ
1646 4449 1755 4518 γὰρ

1929 3333 2211 3390 Prioribus
2245 3349 2352 3388 non
2381 3342 2700 3397 contentus,
2736 3335 2840 3388 alia
2871 3349 3090 3404 quoque
3119 3335 3396 3403 subiungi.

1855 3431 2154 3482 ostendens
2186 3429 2330 3497 quod
2365 3427 2470 3480 sibi
2511 3428 2717 3480 licitum
2751 3436 2872 3480 erat
2903 3443 2932 3479 a
2967 3428 3258 3495 discipulis
3300 3431 3438 3480 acci-

1857 3535 2008 3589 pere,
2036 3527 2089 3573 et
2118 3519 2192 3572 ait
2224 3537 2238 3572 :
2280 3538 2297 3570 ι
2330 3517 2433 3584 Qui
2471 3533 2625 3571 sacra
2663 3527 2990 3586 operantur.
3031 3537 3049 3569 ι
3089 3518 3203 3571 Hoc
3234 3530 3449 3585 esi,qin

1859 3613 1913 3664 in
1951 3611 2156 3682 templo
2191 3619 2535 3681 permanent,
2574 3618 2626 3664 et
2669 3625 2897 3663 munera
2944 3626 3064 3678 quae
3113 3612 3166 3663 in
3199 3627 3266 3664 eo
3309 3613 3448 3663 [inut

1857 3713 2256 3772 exsequuntur,
2315 3717 2510 3772 nempe
2559 3701 2873 3756 sacerdotes
2916 3712 2970 3754 et
3024 3702 3246 3756 Levitae.
3301 3721 3318 3752 ‹
3375 3701 3448 3755 lix

1859 3798 2062 3866 templo
2086 3797 2278 3850 edunt.
2302 3815 2320 3848 ι
2355 3793 2474 3848 Non
2508 3795 2647 3847 dixit
2681 3812 2692 3847 :
2734 3791 2807 3846 De
2847 3792 2932 3847 his
2965 3795 3058 3861 qui
3091 3794 3355 3851 oll'eruut.
3383 3809 3450 3845 ne

1858 3891 1942 3943 vel
1972 3889 2303 3958 accipientes
2343 3887 2699 3956 deprimeret,
2742 3886 2824 3939 vel
2861 3885 3220 3940 offerentibus
3249 3889 3451 3940 cristas

1859 3980 2115 4048 erigeret,
2150 3979 2267 4041 sed,
2305 3996 2324 4029 ι
2358 3977 2433 4030 Ex
2473 3976 2696 4046 templo,
2737 3993 2754 4026 ι
2795 3976 2890 4027 ait.
2928 3993 2945 4025 ι
2981 3975 3084 4037 Qui
3118 3977 3277 4028 altari
3311 3978 3454 4028 assi-

1860 4080 2035 4126 stunt.
2070 4090 2089 4122 ι
2146 4068 2313 4122 Sacra
2345 4068 2565 4136 quidem
2595 4075 2889 4134 operantes
2914 4066 3061 4118 dicit
3078 4064 3317 4130 Levitas,
3355 4065 3448 4135 qui

1860 4164 2104 4217 decimas
2130 4160 2471 4228 accipiebant
2507 4176 2519 4211 :
2553 4157 2712 4210 altari
2747 4173 2876 4211 vero
2905 4157 3228 4212 assisteutes
3262 4175 3450 4211 sacer-

1859 4255 2036 4319 dotes,
2061 4253 2153 4323 qui
2182 4267 2243 4307 ea
2278 4252 2551 4305 habebant
2575 4267 2696 4319 qua:
2723 4250 3058 4304 tollebantur
3083 4266 3110 4301 a
3140 4252 3449 4303 saeriliriis.

1865 4366 1882 4397 ι
1913 4344 2029 4399 Una
2048 4360 2172 4398 cum
2196 4345 2356 4398 altari
2380 4353 2587 4412 partem
2613 4341 2907 4408 accipiunt.
2937 4361 2957 4394 ι
2987 4342 3225 4395 Rursum
3265 4350 3318 4394 et
3361 4343 3449 4394 hie

1859 4438 2049 4492 eodem
2095 4447 2253 4505 tropo
2288 4437 2503 4488 loeutus
2537 4446 2640 4488 est.
2686 4432 2970 4502 Siquidem
3005 4449 3114 4488 non
3147 4434 3284 4486 dixit
3320 4452 3333 4486 :
3369 4433 3444 4486 Et

159 4535 335 4600 εἶπεν,
368 4539 468 4592 Ἐκ
491 4538 599 4590 τῶν
622 4537 858 4592 θυόντων
887 4538 1277 4608 λαμϐάνουσιν,
1320 4539 1459 4604 ἀλλ’,
1485 4559 1504 4591 ι
1530 4541 1625 4592 Ἐκ
1647 4541 1740 4594 τοῦ

1853 4531 1934 4585 his
1964 4531 2057 4599 qui
2106 4530 2390 4583 immolant
2449 4529 2745 4597 accipiunt,
2803 4528 2919 4590 sed,
2986 4544 3005 4578 ι
3059 4527 3137 4580 Ex
3199 4526 3384 4579 altari.
3425 4545 3441 4575 ι

160 4629 586 4698 θυσιαστηρίου·
631 4647 650 4680 ι
687 4630 828 4698 μετὰ
877 4630 992 4701 γὰρ
1024 4631 1086 4682 τὸ
1149 4630 1612 4700 προσενεχθῆναι,
1653 4633 1753 4684 οὐκ

162 4721 241 4773 ἔτι
264 4719 358 4772 τοῦ
372 4720 855 4790 προσενέγκαντός
880 4725 1047 4782 ἐστιν,
1076 4722 1212 4774 ἀλλὰ
1231 4721 1324 4774 τοῦ
1359 4722 1508 4791 ἱεροῦ
1538 4725 1632 4776 καὶ
1655 4724 1751 4776 τοῦ

159 4814 574 4881 θυσιαστηρίου.
618 4815 814 4877 Καλῶς
845 4815 926 4879 τὸ,
961 4833 978 4865 ι
1005 4813 1466 4885 Συμμερίζονται.
1501 4834 1518 4865 ι
1545 4815 1628 4868 Τὰ
1651 4818 1751 4885 μὲν

159 4911 267 4974 γὰρ
319 4905 754 4976 ὁλοκαυτώματα
769 4909 996 4975 ἐγίνετο,
1029 4909 1122 4961 καὶ
1154 4904 1222 4979 ἦν
1269 4909 1430 4977 μόνου
1452 4908 1543 4962 τοῦ
1561 4909 1748 4962 θυσια-

161 4999 412 5067 στηρίου.
447 5000 556 5051 Καὶ
585 5001 650 5052 ὲκ
672 4999 778 5053 τῶν
807 5001 1085 5071 θυομένων
1100 5001 1176 5063 δὲ,
1203 5000 1264 5054 τὸ
1277 5001 1378 5070 μὲν
1405 4997 1748 5074 αἷμαηπροσ-

157 5108 179 5142 ε
189 5095 335 5159 ιεῖτο
349 5092 429 5161 τῷ
449 5091 844 5164 θυσιαστηρίῳ,
864 5095 960 5148 καὶ
971 5093 1035 5147 τὸ
1055 5093 1221 5162 στέαρ
1243 5093 1530 5163 ἐθυμιᾶτο.
1555 5094 1676 5148 Τῶν
1692 5095 1748 5148 δὲ

160 5182 338 5249 κρεῶν
391 5182 769 5252 ἁφαίρημα-τι
792 5184 1102 5252 ἐλάμϐανεν
1133 5187 1160 5238 ὁ
1192 5186 1389 5256 ἱερεὺς,
1417 5179 1529 5238 οἷον
1552 5187 1642 5238 τὺν
1658 5186 1745 5238 δε-

162 5273 268 5335 ξιον
301 5273 569 5342 βραχίονα
589 5276 682 5326 καὶ
697 5275 757 5326 τὸ
777 5275 1085 5345 στηθύνιον,
1104 5276 1268 5329 καὶτὸ
1285 5275 1560 5344 ἔνυστρον.
1593 5295 1611 5327 ι
1640 5276 1746 5329 0’3-

159 5379 262 5426 τως
289 5365 386 5414 καὶ
416 5364 445 5414 ὁ
475 5364 700 5434 Κύριος,
747 5385 766 5419 ι
795 5365 1002 5432 Οὕτως,
1026 5367 1202 5433 οὐδὲν,
1228 5367 1385 5438 φησὶ,
1420 5367 1592 5433 ξένον,
1615 5367 1750 5422 ἀλλὰ

163 5457 225 5522 τῇ
275 5455 492 5526 Παλαιᾷ
535 5457 825 5526 ἑπόμενος,
858 5456 1041 5525 εοὺδὲν
1103 5457 1438 5528 καινοτομῶν
1494 5459 1743 5528 ἐποίησα.

161 5547 301 5613 Ὅρα
351 5547 433 5607 δὲ.
495 5547 557 5599 τὸ
606 5548 859 5617 μέγιστον
904 5549 1129 5620 ἔσχατον
1170 5551 1438 5606 τέθεικεν.
1497 5551 1635 5605 «Ἐκ
1653 5548 1746 5604 τοῦ

161 5639 496 5706 Εὑαγγελίου
529 5638 652 5714 ζῇν.
682 5662 701 5694 ι
727 5643 1040 5715 Καθώσπερ
1064 5646 1180 5697 ἐκεῖ
1205 5645 1305 5698 οὐκ
1322 5639 1492 5706 εἶπεν,
1519 5647 1615 5698 Ἐκ
1639 5645 1746 5698 τῶν

166 5733 673 5801 προσενεγκάντων,
690 5735 824 5795 ἀλλ’,
855 5755 872 5787 ι
911 5736 1006 5789 Ἐκ
1029 5737 1122 5790 τοῦ
1145 5736 1287 5806 ἱεροῦ
1321 5734 1415 5791 καὶ
1433 5736 1527 5790 τοῦ
1555 5740 1738 5791 θυσια-

164 5825 443 5895 στηρίουη
463 5825 635 5893 οὕτως
660 5830 746 5883 καί·
775 5823 877 5883 ὦδε
923 5830 1022 5884 οὐκ
1038 5825 1318 5898 εἷπεν,Ἐκ
1339 5830 1448 5884 τῶν
1465 5831 1741 5901 μαθητῶν,

1855 4623 2155 4693 Postquam
2171 4623 2319 4675 enim
2339 4620 2482 4674 facta
2510 4634 2628 4674 erat
2646 4621 2874 4679 oblatio.
2903 4620 3015 4688 jam
3043 4634 3150 4671 non
3183 4619 3304 4686 ejus
3327 4629 3450 4672 erat

1855 4717 1951 4786 qui
1981 4715 2278 4775 obtulerat,
2311 4711 2405 4768 sed
2438 4713 2622 4783 templi
2657 4722 2709 4766 et
2737 4713 2950 4767 altaris.
2985 4710 3053 4764 Et
3097 4713 3235 4765 bene
3267 4712 3404 4764 dixit
3432 4729 3445 4762 :

1861 4827 1878 4860 ι
1920 4806 2038 4862 Una
2062 4816 2270 4876 partem
2302 4807 2603 4875 accipiunt.
2633 4823 2650 4855 ι
2681 4804 2962 4874 Siquidem
3001 4803 3447 4857 holocautomata

1855 4902 2058 4956 liebant
2087 4908 2143 4954 et
2163 4915 2226 4953 ea
2259 4899 2432 4955 solius
2460 4906 2616 4953 erant
2646 4898 2836 4953 altaris
2871 4915 2885 4951 :
2916 4912 3078 4967 porro
3107 4912 3174 4950 ex
3211 4896 3447 4949 victimis

1854 4994 2080 5064 sanguis
2101 4993 2323 5063 quidem
2350 4993 2512 5046 altari
2549 4993 2795 5063 cedebat,
2827 5001 2880 5044 et
2917 4990 3085 5057 adeps
3120 4990 3446 5043 immolaba-

1854 5097 1940 5140 tur
1975 5105 1988 5141 :
2029 5087 2335 5156 quamdam
2360 5100 2490 5138 vero
2528 5085 2779 5138 carnium
2831 5083 3169 5136 oblationem
3211 5081 3446 5149 accipie-

1854 5180 1947 5233 bat
1977 5180 2259 5236 sacerdos.
2293 5185 2481 5245 utpote
2515 5176 2766 5230 dextrum
2809 5177 3115 5239 brachium,
3150 5182 3446 5244 pectuscu-

1853 5271 1965 5324 lum
1999 5272 2115 5326 sive
2147 5269 2385 5323 medium
2421 5271 2657 5339 pectoris
2684 5281 2736 5322 et
2761 5285 2973 5321 armum
3004 5267 3285 5321 dextrum.
3315 5286 3334 5318 ι
3367 5263 3446 5320 Ita

1852 5371 1908 5416 et
1940 5363 2224 5416 Dominus.
2257 5380 2275 5411 ι
2301 5362 2402 5425 lta,
2435 5362 2596 5423 nihil,
2625 5361 2824 5428 inquit,
2858 5375 3084 5421 novum,
3129 5358 3225 5413 sed
3263 5371 3444 5412 vetera

1853 5465 2090 5520 secutus,
2142 5454 2280 5508 nihil
2329 5456 2454 5508 novi
2505 5454 2728 5508 molitus
2774 5469 2917 5509 sum.
2967 5453 3266 5508 Considera
3315 5466 3446 5504 vero

1851 5549 1994 5620 quod
2024 5558 2297 5617 postremo
2323 5545 2570 5617 posuerit
2601 5544 2746 5614 quod
2781 5545 3080 5598 maximum
3104 5551 3262 5595 erat:
3304 5559 3323 5591 ι
3363 5539 3442 5595 Ex

1853 5639 2149 5709 Evangelio
2186 5639 2389 5692 vivant.
2419 5656 2437 5688 ι
2476 5635 2632 5691 Sicut
2673 5637 2746 5690 ibi
2777 5651 2886 5690 non
2915 5636 3154 5696 dixerat,
3192 5651 3211 5683 ι
3241 5631 3313 5684 lix
3356 5631 3442 5686 his

1853 5735 1944 5803 qui
1985 5733 2320 5797 obtulerant,
2368 5749 2383 5782 ι
2422 5730 2514 5785 sed
2555 5749 2573 5781 ι
2609 5730 2686 5784 Ex
2723 5729 2924 5799 templo
2952 5737 3006 5781 et
3040 5742 3106 5781 ex
3146 5726 3306 5779 altari
3347 5743 3362 5788 ;
3415 5741 3444 5774 υ

1855 5829 1925 5882 ita
1957 5838 2005 5882 et
2048 5827 2262 5882 hicnon
2296 5825 2431 5879 dixit
2455 5846 2462 5876 τ
2488 5823 2562 5878 Ex
2597 5823 2906 5892 discipulis,
2943 5821 3058 5890 sed,
3102 5839 3119 5870 ι
3156 5821 3226 5874 Ex
3263 5817 3441 5874 Evam
