4204 6464
734 343 835 403 767

1776 344 2177 404 (ECUMEN'II
2213 342 2509 403 ΤΗΝ]οΜ
2550 340 2898 402 EPISCOPI

3898 339 4005 399 768

733 464 871 507 erat.
927 452 1158 519 Quando
1214 462 1395 510 autem
1459 456 1635 510 factus
1694 466 1779 511 est
1830 457 1991 527 quasi
2051 456 2325 513 Judmus?

2439 458 2588 525 ἔτεμε
2625 454 2912 526 Τιμόθεον,
2941 454 3070 509 ὅταν
3101 455 3466 525 ἀγνισάμενος
3490 454 3663 527 εἰσῄει
3691 452 3745 505 ὲν
3769 468 3848 521 τῳ
3878 450 4009 520 ἱερῷ

731 543 962 609 Quando
999 544 1344 600 Timotheum
1379 548 1729 604 circumcidit
1759 553 1780 583 ⁸
1816 569 1830 617 ;
1873 553 2090 623 quando
2126 551 2319 622 puriﬁ-

734 648 895 689 catus
928 636 1187 701 templum
1221 638 1504 707 ingressus
1528 648 1614 694 est
1637 656 1762 696 cum
1803 645 1885 699 his
1917 647 2010 715 qui
2045 645 2322 702 habebant

736 736 919 779 votum
948 730 988 781 ⁸.
1024 728 1090 782 Ut
1112 734 1255 782 enim
1286 745 1379 784 ρος
1402 732 1494 801 qui
1531 749 1655 787 vere
1680 733 1853 790 Judmi
1884 748 2042 793 erant
2071 754 2134 793 ac
2162 741 2320 794 [idem

738 819 1099 883 transferret,
1135 821 1313 878 factus
1364 834 1449 880 est
1489 828 1643 895 quasi
1691 827 1936 887 Judarus.
1983 832 2322 899 Quomodo?

736 911 842 963 nisi
887 913 1031 965 enim
1072 914 1534 981 circntncidisset,
1568 927 1621 972 et
1653 922 1971 988 pttrilicatus
2011 925 2225 993 fuisset,
2258 940 2322 980 ac

733 1000 941 1056 Iudaeis
992 1008 1359 1073 persuasisset
1408 1010 1510 1080 legi
1546 1027 1606 1067 se
1638 1013 1937 1077 adlnerere,
1975 1032 2322 1088 nequaquam

737 1094 802 1146 ad
853 1110 976 1147 eum
1013 1099 1383 1155 accessissent
1416 1122 1424 1153 ;
1474 1103 1583 1158 imo
1615 1121 1736 1158 cum
1780 1121 1843 1159 eo
1882 1114 2142 1177 tanquam
2196 1125 2323 1164 eum

738 1196 987 1255 apostata
1009 1193 1101 1259 qui
1132 1208 1286 1246 suam
1321 1195 1488 1262 legem
1509 1196 1845 1266 reliquisset,
1881 1217 1948 1255 ne
1979 1203 2326 1259 sermonibus

739 1278 962 1346 quidem
997 1286 1502 1340 communicassent
1538 1305 1550 1341 :
1593 1306 1703 1358 quo
1735 1300 1915 1345 autem
1954 1293 2116 1347 modo
2144 1294 2325 1347 salvos

738 1372 920 1425 facere
972 1375 1122 1444 ipsos
1173 1381 1488 1445 potuisset,
1553 1384 1644 1450 qui
1703 1400 1880 1453 neque
1939 1386 2324 1449 accessissent,

740 1480 920 1534 neque
954 1468 1074 1535 ejus
1105 1469 1415 1525 doctrinam
1448 1476 1748 1541 audissent,
1782 1476 1875 1530 sed
1917 1486 2177 1548 tanquam
2210 1494 2325 1533 rem

738 1557 1164 1614 abominandam
1192 1579 1314 1617 eum
1355 1565 1768 1621 duxissent?——
1789 1569 1908 1623 Alio
1934 1573 2102 1624 modo.
2123 1570 2328 1627 Factus

740 1659 824 1702 est
860 1648 1065 1708 Judazis
1104 1656 1259 1723 quasi
1293 1656 1535 1722 .lmlaeus,
1569 1661 1790 1728 quando
1832 1662 1885 1715 in
1936 1665 2139 1731 templo
2177 1665 2327 1733 puri-

740 1742 938 1797 ﬁcatus
973 1758 1077 1807 est,
1127 1755 1180 1801 et
1230 1750 1440 1804 hostias
1474 1753 1693 1817 obtulit,
1726 1769 1790 1809 ac
1830 1754 2179 1810 Timotheum
2218 1756 2327 1809 cir-

2427 548 2565 621 μετὰ
2600 549 2710 600 τῶν
2747 549 2979 619 ἑχόντων
3025 548 3125 619 τὴν
3165 548 3352 618 εὐχήν.
3390 548 3510 602 Ἵνα
3540 547 3649 617 γὰρ
3688 546 3815 608 τοὺς
3845 544 4011 605 ὄντας

2424 641 2646 712 ἀληθεῖς
2681 642 2969 705 Ἰουδαίους
3000 643 3342 713 μεταστήσῃ,
3373 641 3590 709 ἐγένετο
3615 638 3687 702 ὡς
3725 638 4007 696 Ἰουδαῖος.

2426 734 2551 797 Πῶς
2574 750 2587 799 ;
2615 734 2739 787 Ὅτι
2762 736 2810 787 εἰ
2838 733 2910 803 μὴ
2933 733 3225 804 περιέτεμε
3259 733 3380 802 μηδ’
3412 730 3668 803 ἡγνίσθη,
3687 731 3782 783 καὶ
3805 731 3863 780 ἐν
3883 727 4012 779 τού-

2424 844 2503 898 τῳ
2528 826 2746 880 ἔπεισεν
2786 826 3073 888 Ἰουδαίους
3105 827 3187 879 ὅτι
3224 825 3409 895 ἔχεται
3437 826 3533 877 τοῦ
3584 825 3773 894 νόμου,
3807 823 3911 874 οὐκ
3946 820 4013 873 ἂν

2429 920 2739 991 προσῆλθον
2757 918 2929 988 αὐτῷ,
2956 919 3049 970 καὶ
3074 918 3149 981 ὡς
3174 920 3480 988 ἀποστάτῃ,
3504 917 3626 970 οὐδὲ
3659 916 3837 983 λόγων
3864 917 4011 966 ἐκοι-

2427 1010 2699 1080 νὼνησαν.
2754 1010 2878 1073 Πῶς
2908 1010 2967 1062 δὲ
2998 1005 3066 1079 ἦν
3101 1009 3275 1062 σῶσαι
3304 1011 3429 1071 τοὺς
3466 1008 3601 1080 μηδὲ
3656 1007 4009 1077 προσιόντας,

2430 1103 2566 1174 μηδὲ
2588 1100 2892 1165 ἀκούοντας
2938 1105 3037 1171 τῆς
3079 1101 3244 1154 αὐτοῦ
3279 1101 3521 1170 διδαχῆς,
3571 1099 3685 1153 ἀλλ’
3714 1098 3787 1161 ὡς
3823 1098 4014 1168 βδέλυ-

2426 1211 2543 1265 γμα
2574 1195 2737 1247 αὑτὸν
2764 1194 3143 1263 ἡγουμένουςς
3175 1225 3242 1235 -
3269 1196 3527 1258 Ἀλλως.
3564 1192 3583 1264 [
3612 1192 3955 1271 ιΣιΔΩΡοΥ.
3992 1188 4011 1262 j

2439 1286 2690 1354 Ἐγένετο
2740 1288 2854 1348 τοῖς
2892 1285 3174 1347 Ἰουδαίοις
3220 1287 3294 1347 ὡς
3337 1286 3629 1348 Ἰουδαῖος,
3681 1285 3768 1336 ὅτε
3820 1286 3879 1335 ὲν
3936 1282 4015 1351 τῷ

2430 1378 2563 1450 ἱερῷ
2595 1379 2857 1448 ἡγνίσατο
2904 1379 3000 1431 καὶ
3026 1378 3206 1443 ἔθυσε,
3243 1379 3337 1431 καὶ
3382 1374 3697 1448 περιτεμὼν
3720 1375 3815 1427 τὸν
3844 1376 4019 1443 Τιμό-

2431 1473 2872 1540 θεον,Ἰουδαίοις
2900 1472 3159 1541 πέπομφε
3187 1470 3529 1535 διδάσκαλον,
3563 1469 3651 1522 διὰ
3700 1468 4019 1536 περιτομῆς

2428 1568 2529 1637 τὴν
2588 1566 2895 1636 περιτομὴν
2930 1566 3195 1636 ἀναιρῶν.
3242 1566 3333 1617 Διὸ
3380 1565 3481 1617 οὐκ
3521 1559 3692 1622 εἶπεν,
3735 1562 4018 1623 Ἰουδαῖος,

2427 1659 2599 1724 ἀλλ’,‹
2622 1660 2708 1722 Ὠς
2737 1659 3010 1721 Ἰουδαῖος.
3040 1676 3167 1709 ι-ι
3198 1658 3326 1720 Τοῖς
3372 1657 3594 1725 ἀνόμοις
3629 1656 3703 1717 ὡς
3734 1656 3961 1723 ἄνομος.
3997 1672 4014 1704 ι

2433 1752 2563 1804 Ὅτε
2578 1750 2885 1821 Ἀθηναίοις
2911 1750 3267 1821 δημηγορῶν,
3286 1748 3388 1801 οὐκ
3410 1749 3518 1802 ἀπὸ
3545 1748 3865 1818 προφητῶν,
3896 1747 4019 1799 οὐδὲ

740 1836 1051 1889 cumcisum
1087 1836 1292 1895 Judaeis
1334 1842 1386 1895 in
1426 1852 1819 1913 praaeeptorem
1862 1847 2035 1911 misit,
2087 1848 2328 1902 circum-

2439 1844 2541 1897 ἀπὸ
2570 1844 2664 1896 τοῦ
2693 1844 2859 1915 νόμου
2887 1842 3139 1913 διελέχθη
3164 1883 3177 1906 ,
3214 1842 3331 1895 ἀλλ’
3364 1842 3474 1895 ἀπὸ
3520 1842 3705 1912 βωμοῦ
3739 1842 3840 1911 τὴν
3871 1858 4022 1911 παρ-

743 1925 953 1981 risiune
998 1930 1196 1985 tollens
1242 1935 1742 1992 circnmcisionem.
1777 1938 1990 1994 Idcirco
2020 1954 2130 1995 non
2165 1941 2329 2005 dixit,

740 2016 985 2087 Judazus,
1032 2024 1127 2079 sed
1166 2044 1184 2076 ι
1230 2025 1396 2091 Quasi
1428 2027 1674 2085 Inda-us.
1722 2050 1741 2083 ι
1794 2063 1862 2073 -
1895 2052 1914 2084 ι
1971 2031 2039 2087 lis
2080 2033 2171 2102 qui
2215 2033 2336 2088 sine

744 2112 861 2179 lege
904 2124 1060 2169 erant
1109 2120 1270 2187 quasi
1312 2119 1430 2172 sine
1478 2120 1613 2190 lege.
1656 2141 1673 2173 ι
1720 2122 1951 2189 Quando
1992 2124 2135 2194 apud
2169 2122 2336 2178 Athe-

2432 1937 2638 1990 αίνεσιν
2664 1939 2998 2007 ἐποιήσατο,
3044 1937 3153 1992 ἀπὸ
3195 1936 3303 1989 τῶν
3336 1936 3553 1990 οἰκείων
3586 1936 3783 1997 αὐτοὺς
3813 1935 4024 2002 δογμά-

2432 2046 2543 2082 των
2569 2027 2947 2099 χειρούμενος,
2984 2028 3073 2081 ὃτε
3103 2021 3260 2097 εὗρεν
3296 2028 3355 2081 ὲν
3396 2026 3475 2097 τῷ
3522 2026 3713 2097 βωμῷ,
3751 2026 3847 2077 καὶ
3871 2025 4023 2086 ὅστις

2435 2122 2524 2190 εἴη
2560 2123 2840 2189 ἄγνωστος
2876 2120 3032 2185 Θεὸς.

744 2206 961 2264 nienses
994 2213 1315 2267 concionem
1358 2215 1630 2280 habens",
1662 2232 1769 2270 non
1803 2232 1865 2270 ex
1901 2218 2018 2287 lege
2049 2234 2227 2286 neque
2291 2233 2355 2271 ex
2399 2216 2685 2288 prOphetis
2745 2217 3088 2285 disputavit,
3148 2213 3243 2269 sed
3284 2214 3353 2269 ab
3421 2228 3514 2267 ara
3576 2212 4021 2269 exhortationem

742 2305 1025 2356 contexuit
1060 2320 1071 2356 :
1112 2320 1139 2357 a
1172 2307 1411 2375 propriis
1449 2309 1723 2378 dogmatis
1759 2324 1855 2365 eos
1887 2310 2289 2376 manuducens,
2358 2311 2578 2381 quando
2637 2308 2802 2363 etiam
2840 2308 2893 2361 in
2929 2322 3023 2361 ara
3059 2307 3270 2362 invenit
3299 2306 3553 2377 quisnam
3576 2318 3725 2361 esset
3792 2304 4024 2374 ignotus

742 2391 906 2449 Deus.

813 2486 1128 2557 5051deo
1164 2506 1271 2544 non
1308 2492 1449 2546 dixit
1486 2494 1850 2563 simpliciter:
1884 2496 2014 2551 Sine
2037 2497 2173 2566 lege,
2213 2495 2331 2561 sed,

750 2599 766 2627 ι
803 2578 971 2644 Quasi
1016 2581 1135 2635 sine
1182 2584 1319 2653 lege.
1361 2603 1381 2637 ι
1420 2586 1556 2641 Cum
1591 2597 1772 2643 autem
1816 2591 1890 2642 ait
1925 2608 1937 2642 :
1992 2608 2008 2639 ι
2045 2590 2180 2643 Cum
2224 2590 2335 2643 Deo

744 2688 853 2724 non
894 2687 1071 2726 essem
1119 2674 1239 2729 sine
1292 2676 1429 2747 lege,
1474 2680 1569 2733 sed
1602 2680 1707 2734 sub
1752 2681 1869 2751 lege
1911 2680 2140 2745 Christi,
2188 2700 2206 2733 ι
2240 2688 2335 2734 aut

742 2762 900 2831 quasi
936 2764 1001 2816 de
1033 2778 1090 2817 re
1116 2763 1448 2819 indiﬂ'chnti
1477 2768 1612 2821 dixit
1646 2783 1661 2819 :
1698 2786 1818 2823 nam
1851 2786 1974 2823 cum
2010 2786 2116 2822 una
2147 2772 2218 2824 sit
2248 2786 2332 2824 es-

746 2854 946 2917 sentia,
984 2857 1136 2908 nulla
1165 2866 1247 2911 est
1272 2857 1615 2925 diﬂ‘erentia;
1647 2870 1740 2914 ant
1768 2863 1813 2917 si
1846 2863 1896 2915 id
1930 2872 2181 2916 coactum
2211 2862 2332 2915 exi-

747 2948 960 3013 stimas,
999 2949 1102 3003 hoc
1134 2951 1330 3018 opinor
1356 2966 1480 3005 eum
1516 2953 1781 3019 indicare,
1830 2956 1974 3024 quod
2009 2971 2115 3009 non
2152 2957 2330 3010 solum

744 3051 1108 3095 conversetur
1140 3041 1293 3110 juxta
1348 3043 1544 3112 legem,
1586 3062 1707 3115 qua:
1740 3062 1767 3098 a
1811 3048 2137 3116 quibusdam
2180 3046 2333 3102 Patri

747 3132 1065 3197 ascribitur,
1096 3143 1149 3186 et
1183 3135 1487 3189 secundum
1511 3152 1701 3190 eorum
1734 3138 1825 3207 qui
1862 3138 2151 3193 discebant
2177 3139 2334 3193 habi-

748 3224 1018 3286 tudinem,
1036 3240 1143 3279 non
1171 3226 1473 3280 secundum
1491 3227 1611 3295 ejus
1627 3227 1721 3297 qui
1742 3229 1965 3282 tradidit
1985 3230 2335 3299 dignitatem,

2507 2494 2598 2546 Διὸ
2640 2493 2742 2545 οὐκ
2784 2488 2960 2555 εἶπεν,
3001 2490 3259 2558 Ἀνομος,
3284 2487 3425 2552 ἀλλ’,
3469 2508 3487 2540 ι
3531 2488 3617 2552 Ὠς
3646 2490 3866 2558 ἄνομος.
3897 2511 3915 2543 ι
3952 2494 4028 2545 Τὸ

2434 2587 2509 2649 δὲ,
2542 2607 2559 2638 ι
2588 2587 2677 2654 Μὴ
2715 2584 2790 2637 ὣν
2835 2584 3035 2651 ἄνομος
3074 2582 3215 2650 Θεῷ,
3271 2580 3394 2634 ἀλλ’
3450 2582 3674 2649 ἔννομος
3713 2584 3931 2653 Χριστᾷ
3959 2626 3970 2646 ,
4001 2607 4018 2637 ι

2433 2681 2580 2750 ἧώς
2623 2680 2911 2749 ἀδιάφορον
2970 2673 3124 2728 εἶπεν
3180 2675 3296 2745 (ἐπὶ
3354 2675 3462 2743 γὰρ
3525 2677 3651 2744 μιᾶς
3681 2678 3871 2740 οὐσίας
3922 2682 4026 2733 οῦκ

2432 2775 2548 2826 ἔστι
2607 2770 2884 2841 διαφορὰ),
2924 2768 2957 2838 ἢ
2992 2771 3038 2820 εἰ
3067 2766 3230 2820 τοῦτο
3299 2767 3660 2837 βεϐιασμένον
3708 2769 3840 2838 ἡγῇ,
3868 2766 4026 2839 οἶμαι

2434 2866 2593 2920 τοῦτο
2649 2864 2899 2935 μηνύειν,
2930 2862 2989 2914 τὸ
3022 2860 3095 2931 μὴ
3123 2862 3283 2930 μόνον
3342 2860 3482 2913 κατὰ
3507 2860 3669 2929 νόμον
3698 2861 4026 2915 πεπολιτεῦ·

2441 2959 2563 3012 σθαι
2600 2956 2691 3009 τὸν
2712 2955 2790 3025 τῷ
2821 2955 2995 3023 Πατρ“ι
3030 2954 3180 3022 παρὰ
3209 2970 3371 3006 τινων
3411 2953 3877 3021 ἐπιγραφόμενον,
3930 2958 4028 3007 καὶ

2435 3051 2523 3104 διὰ
2552 3050 2651 3119 τὴν
2680 3046 2795 3113 ’ἕξιν
2827 3048 2935 3100 τῶν
2978 3045 3384 3116 μανθανόντων,
3412 3044 3473 3097 οὐ
3515 3045 3603 3098 διὰ
3630 3044 3727 3116 τὴν
3749 3047 3909 3113 ἁξῖαν
3934 3050 4029 3101 τοῦ

2439 3142 2757 3204 δεδωκότος,
2811 3140 3027 3210 νηπίοις
3086 3138 3289 3207 μᾶλλον
3339 3135 3650 3208 ἁρμόζοντα
3680 3178 3694 3202 ,
3740 3139 3878 3192 ἀλλὰ
3936 3143 4031 3193 καὶ

2441 3236 2583 3290 κατὰ
2641 3236 2731 3288 τὸν
2778 3232 2873 3285 τοῦ
2935 3230 3172 3303 Χριστοῦ
3203 3232 3458 3300 οὐράνιον
3489 3232 3585 3284 καὶ
3608 3232 3815 3285 τέλειον
3837 3234 4029 3300 νόμον.

748 3313 1056 3371 infantibus
1103 3317 1274 3388 magis
1327 3320 1665 3388 aptabatur:
1718 3335 1906 3375 verum
1959 3298 2125 3375 etiam
2177 3322 2335 3392 juxta

2442 3330 2557 3383 Οὐκ
2593 3329 2792 3396 ἄνομος
2820 3328 2964 3379 κατὰ
2999 3326 3089 3377 τὸν
3123 3324 3353 3377 παλαιὸν
3378 3325 3561 3393 νόμον,
3591 3326 3727 3378 ἀλλὰ
3750 3327 3845 3379 καὶ
3878 3328 4029 3380 ἒννο-

748 3410 1029 3463 cwlestem
1050 3426 1113 3463 ac
1132 3411 1432 3481 perlectam
1455 3414 1658 3469 Christi
1683 3415 1876 3486 legem.
1906 3414 2024 3471 Non
2052 3420 2171 3472 sine
2196 3418 2334 3487 lege,

751 3501 927 3566 quoad
982 3514 1217 3559 veterem
1293 3507 1500 3575 legem;
1550 3509 1642 3562 sed
1678 3519 1733 3564 et
1794 3511 1898 3565 sub
1946 3511 2082 3581 lege,
2158 3512 2339 3581 quoad

752 3593 1129 3665 livangelium.
1164 3598 1284 3652 Non
1320 3610 1478 3652 extra
1514 3601 1707 3665 legem,
1737 3601 1831 3656 sed
1861 3604 2028 3657 etiam
2065 3605 2336 3673 ingratia.

753 3690 871 3743 Non
906 3692 1160 3746 commisi
1202 3704 1452 3761 stuprum
1489 3705 1715 3765 propter
1748 3696 1920 3765 legem
1957 3715 1971 3747 :
2018 3697 2113 3751 sed
2161 3711 2340 3766 neque

755 3783 954 3838 lascive
989 3784 1224 3840 intuitus
1273 3801 1417 3851 sum,
1464 3796 1692 3857 propter
1725 3788 2083 3854 Evangelium
2123 3790 2165 3842 ⁸.
2218 3788 2342 3844 Νοη

750 3877 955 3943 occidi,
1004 3884 1224 3946 propter
1262 3880 1553 3943 timorem;
1619 3880 1713 3935 sed
1760 3890 1817 3934 et
1843 3881 1980 3935 iram
2008 3882 2340 3952 expugnavi,

754 3978 977 4036 propter
1004 3985 1267 4023 amorem.
1291 3970 1573 4039 Siquidem
1608 3972 1652 4024 is
1682 3973 1774 4041 qui
1811 3982 2048 4027 veterem
2080 3974 2340 4036 servavit,

757 4077 864 4114 nun
906 4071 1024 4115 erat
1055 4063 1174 4116 sine
1205 4063 1321 4133 lege
1357 4081 1370 4129 ;
1405 4065 1497 4132 qui
1529 4072 1711 4117 autem
1762 4080 1980 4128 noram,
2020 4076 2139 4119 erat
2176 4071 2342 4119 etiam

755 4154 859 4205 sub
906 4153 1022 4223 lege
1049 4155 1278 4208 Christi.
1316 4156 1442 4209 Ha-c
1475 4166 1657 4209 autem
1690 4156 1844 4217 dicit,
1889 4173 1997 4211 non
2037 4160 2346 4213 attribuens

759 4245 906 4299 Patri
941 4247 1138 4316 legem,
1172 4246 1313 4301 Filio
1358 4264 1486 4301 vero
1528 4248 1882 4318 Evangelium
1917 4266 1930 4315 ;
1967 4250 2059 4305 sed
2093 4252 2157 4305 ad
2199 4251 2345 4318 vulgi

757 4340 1129 4405 suspicionem
1176 4350 1227 4393 ct
1254 4341 1570 4409 opinionem
1609 4343 1938 4410 respiciens.
1972 4341 2166 4397 Omnia
2200 4345 2346 4398 enim

759 4447 879 4498 qua:
934 4430 1114 4484 Patris
1157 4440 1307 4494 sunt,
1358 4433 1523 4485 etiam
1573 4432 1693 4486 Filii
1721 4443 1850 4488 sunt
1883 4446 1992 4499 ;.et
2045 4451 2166 4504 quae
2224 4437 2346 4490 Filii

759 4526 1086 4583 sunt,etiam
1110 4524 1287 4579 Patris
1307 4524 1480 4579 sunt’.
1514 4554 1583 4564 —
1627 4527 1746 4580 Alio
1784 4529 1960 4581 modo.
2000 4526 2245 4589 .lndaeos.
2287 4538 2346 4582 ut

2444 3438 2542 3492 μος
2591 3418 2733 3473 κατὰ
2773 3418 2833 3471 τὸ
2863 3416 3221 3485 Εὖαγγέλιον.
3253 3416 3366 3468 Οὐκ
3418 3415 3524 3479 ἔξω
3552 3417 3644 3469 τοῦ
3671 3418 3857 3487 νόμου,
3895 3420 4033 3473 ἀλλὰ

2442 3514 2537 3567 καὶ
2570 3513 2701 3565 εἴσω
2732 3510 2833 3578 τῆς
2876 3510 3121 3579 χάριτος,
3147 3510 3248 3561 οὐκ
3272 3508 3568 3578 ἐμοίχευσα
3599 3508 3685 3561 διὰ
3716 3509 3805 3562 τὸν
3846 3512 4030 3579 νόμον,

2442 3602 2557 3657 ἀλλ’
2585 3602 2708 3655 οὐδὲ
2740 3596 2880 3652 εἶδον
2934 3598 3249 3660 ἀκολάστως
3281 3598 3367 3650 διὰ
3393 3597 3453 3650 τὸ
3530 3597 3885 3665 Εὑαγγέλιον.
3916 3602 4033 3653 Uine

2442 3694 2713 3762 ἐφόνευσα
2746 3691 2834 3745 διὰ
2880 3693 2974 3743 τὸν
3003 3689 3188 3758 φόϐον,
3216 3690 3353 3742 ἀλλὰ
3388 3690 3479 3741 καὶ
3518 3690 3689 3760 ὀργῆς
3743 3691 4033 3761 ὲκρᾶτησα

2442 3789 2533 3843 διὰ
2556 3788 2645 3840 τὸν
2698 3785 2882 3839 πόθον.
2929 3786 2989 3838 Ὀ
3030 3785 3127 3855 μὲν
3181 3785 3290 3855 γὰρ
3339 3784 3428 3836 τὸν
3466 3785 3701 3837 παλαιὸν
3764 3788 4033 3855 qni/6.51;,

2444 3881 2545 3934 οὐκ
2567 3875 2636 3950 ἦν
2668 3878 2867 3948 ἄνομος
2888 3877 3024 3930 Θεοῦ
3057 3893 3069 3907 ·
3098 3877 3200 3929 ὁδε
3231 3879 3322 3929 τὸν
3353 3877 3493 3942 νέον,
3531 3878 3645 3929 ἔστι
3680 3878 3775 3931 καὶ
3806 3881 4036 3949 ἔννομος

2444 3974 2705 4045 Χριστοῦ.
2759 3971 3023 4026 Ταῦταδὲ
3053 3987 3243 4040 φησιν,
3292 3972 3392 4023 οὐκ
3448 3971 3780 4041 ἀποκληρῶν
3832 3974 3931 4039 μὲν
3956 3974 4037 4043 τῷ

2447 4068 2625 4135 Πατρὶ
2680 4067 2773 4116 τὸν
2828 4064 3013 4131 νόμον,
3043 4062 3120 4132 τῷ
3158 4061 3269 4131 Υἱῷ
3320 4062 3375 4113 δὲ
3411 4062 3472 4114 τὸ
3504 4062 3859 4128 Εὐαγγέλιον,
3897 4064 4036 4117 ἀλλὰ

2447 4159 2584 4228 πρὸς
2631 4156 2728 4227 τὴν
2788 4155 2895 4207 τῶν
2947 4154 3161 4205 πολλῶν
3187 4155 3445 4206 ὑπόνοιαν
3482 4154 3759 4218 καὶδόξαν
3783 4156 4032 4225 ἀφορῶν.

2448 4252 2633 4304 Πάντα
2657 4251 2767 4318 γὰρ
2796 4249 2863 4301 τὰ
2894 4246 2987 4299 τοῦ
3015 4246 3247 4315 Πατρδς,
3281 4244 3376 4297 τοῦ
3410 4246 3536 4297 Υἱοῦ
3569 4247 3707 4307 ἐστι,
3734 4250 3829 4299 καὶ
3860 4251 4037 4302 τὰτοῦ

2450 4341 2711 4407 Υἱοῦ,τοῦ
2732 4341 2958 4410 Πατρός.
2991 4369 3061 4378 —
3083 4340 3331 4403 Ἄλλως.
3371 4336 3702 4410 [ΘΕΟΔΩΡ.]
3729 4339 4037 4404 Ἰουδαίους,

2448 4437 2525 4497 ὡς
2574 4430 2901 4502 οἷμαι,τοῦς
2954 4429 3179 4499 μηδέπω
3226 4428 3667 4488 πεπιστευκότας
3719 4428 3894 4479 καλεῖ·
3932 4430 4039 4480 ὑπὸ

2448 4526 2613 4599 νόμον
2644 4525 2723 4585 δὲ,
2753 4525 2878 4585 τοὺς
2914 4523 2973 4575 τὸ
3005 4521 3337 4588 Εὐαγγέλιον
3392 4521 3491 4589 μὲν
3541 4519 3898 4589 δεξαμένους,
3942 4524 4027 4574 ἔτι

759 4617 1021 4681 arbitror,
1054 4632 1151 4671 eos
1184 4617 1422 4686 appellat
1455 4618 1806 4687 quinondum
1838 4620 2216 4686 crediderant;
2240 4620 2335 4675 sub

2449 4619 2505 4673 δὲ
2540 4620 2604 4687 τῇ
2663 4615 2758 4669 τοῦ
2806 4615 2970 4685 νόμου
3017 4613 3229 4683 φυλακῇ
3287 4613 3771 4683 προςδεδεμένους.
3816 4616 3924 4667 Καὶ
3948 4615 4039 4668 διὰ

760 4711 875 4777 lege
906 4721 1085 4764 autem
1108 4712 1233 4765 illos
1250 4712 1383 4765 dicit
1403 4713 1495 4779 qui
1530 4712 1883 4781 Evangelium
1909 4713 2131 4783 quidem
2157 4729 2347 4769 susce-

760 4810 988 4870 perant,
1038 4803 1219 4858 adhuc
1259 4812 1442 4865 tamen
1499 4804 1636 4873 legis
1692 4806 2077 4861 observatione
2139 4807 2349 4876 alligati

760 4906 937 4951 erant.
971 4896 1104 4951 Nam
1141 4905 1194 4951 et
1223 4909 1449 4967 propter
1487 4898 1589 4954 bos
1616 4906 1670 4954 et
1701 4900 2083 4969 propterillos,
2118 4901 2345 4970 legalem

761 4989 1198 5055 puriﬁcationem
1230 4988 1622 5060 Hierosolymis
1657 4991 1944 5055 sustinuit,
1968 4998 2021 5044 et
2055 4990 2108 5043 in
2133 4990 2348 5060 Lycao-

764 5083 851 5132 nia
885 5081 1237 5135 Timotheum
1280 5082 1649 5146 circumcidit,
1686 5082 1779 5136 sed
1811 5092 1863 5136 et
1893 5082 1998 5135 alia
2033 5083 2343 5150 innumera,

762 5173 1179 5238 dispensatione
1199 5173 1435 5241 quadam
1474 5184 1737 5243 operatus
1764 5182 1868 5228 est.
1906 5205 1977 5213 —
2011 5174 2131 5227 Alio
2167 5175 2344 5228 modo.

768 5284 784 5314 ι
826 5264 897 5316 lis
933 5266 1023 5330 qui
1065 5266 1168 5317 sub
1209 5265 1326 5334 lege
1357 5274 1537 5318 erant.
1584 5284 1602 5317 ι
1640 5266 1755 5318 Sub
1787 5266 1903 5334 lege
1945 5265 2078 5319 dicit
2121 5281 2216 5321 eos
2250 5268 2343 5336 qui

765 5374 827 5409 cx
858 5356 1063 5409 Judaeis
1106 5358 1485 5419 crediderant,
1521 5357 1700 5413 adhuc
1732 5368 1916 5411 tamen
1960 5358 2063 5427 legi
2101 5359 2349 5413 adhaare-

766 5446 913 5498 haut.
966 5444 1195 5509 Quando
1241 5456 1418 5499 autem
1464 5446 1642 5501 factus
1688 5458 1773 5501 est
1821 5448 1981 5517 quasi
2027 5449 2129 5502 sub
2176 5449 2349 5518 lege?

765 5541 984 5605 quando
1013 5540 1151 5591 dixit
1174 5539 1221 5591 ei
1254 5536 1490 5595 Iacobus
1518 5555 1532 5592 :
1564 5558 1581 5590 ι
1622 5539 1812 5601 Vides,
1844 5541 2031 5605 frater,
2068 5548 2199 5610 quot
2228 5544 2349 5595 mil-

768 5632 836 5679 tn
880 5638 985 5682 Slltl
1029 5632 1121 5698 qui
1171 5630 1560 5695 crediderunt,
1611 5641 1663 5686 et
1702 5648 1893 5687 omnes
1942 5643 2069 5686 sunt
2114 5635 2347 5689 studiosi

840 5814 860 5844 '
886 5814 1006 5869 Act.
1046 5831 1154 5879 xvi,
1185 5816 1233 5869 5.
1316 5818 1334 5843 ⁸
1370 5818 1486 5873 Act.
1534 5836 1643 5873 χχι,
1678 5821 1743 5872 2:;

1844 5822 1860 5849 ⁷
1894 5823 2010 5876 Act.
2054 5838 2185 5888 ιιι-ιι,
2213 5820 2303 5875 ‘23.

2382 5820 2401 5851 ⁸
2433 5818 2623 5875 Matth.
2662 5833 2712 5873 v.
2756 5816 2821 5871 21
2855 5830 2971 5885 seq.

2447 4709 2673 4771 τούτους
2719 4707 2907 4776 γάρτοι
2956 4710 3047 4757 καὶ
3110 4705 3175 4757 δι’
3214 4705 3481 4766 ἐκείνως.
3528 4706 3621 4757 καὶ
3669 4709 3767 4771 τῆς

2452 4801 2774 4870 καθάρσεως
2822 4801 2880 4850 ὲν
2918 4796 3322 4868 Ἱεροσολύμοις
3376 4798 3656 4865 ἠνέσχετο,
3711 4800 3806 4849 καὶ
3861 4801 3919 4850 ἐν
3969 4802 4035 4868 τῇ

2449 4895 2728 4964 Λυκαονία
2780 4893 2871 4945 τὸν
2921 4891 3184 4962 Τιμόθεον
3226 4893 3550 4960 περιέτεμε,
3577 4892 3670 4943 καὶ
3698 4891 3833 4943 ἄλλα
3869 4896 4039 4961 μυρία

2447 4990 2807 5061 παραπλήσια
2831 4986 3283 5057 ᾠκονὸμησεν.-
3311 4987 3570 5049 Ἄλλως.
3608 5005 3625 5035 ι
3662 4985 3789 5047 Τοῖς
3824 4986 3927 5037 ὑπὸ
3955 4986 4040 5037 νόο

2456 5099 2573 5152 μον.
2601 5099 2619 5132 ι
2673 5079 2807 5132 Ὑπὸ
2844 5078 3009 5147 νόμον
3035 5077 3206 5143 λέγει,
3240 5076 3368 5136 τους
3410 5075 3469 5138 ἐξ
3492 5075 3763 5126 Ἰουδαίων
3813 5076 4038 5125 πιστεύ-

2455 5187 2677 5232 σαντας,
2710 5168 2788 5221 ἔτι
2818 5168 2874 5220 δὲ
2910 5165 3003 5219 τοῦ
3060 5165 3225 5234 νόμου
3262 5164 3576 5232 ἐχομένους.
3616 5166 3751 5215 Πότε
3788 5163 3844 5215 δὲ
3876 5165 4038 5231 γέγο-

2446 5282 2537 5318 νεν
2594 5263 2667 5325 ὡς
2690 5262 2794 5314 ὑπὸ
2832 5261 3030 5328 νόμον;
3082 5259 3171 5311 ὅτε
3203 5255 3353 5310 εἷπον
3398 5256 3545 5324 αὐτῷ
3576 5258 3624 5308 οξ
3662 5258 3805 5322 ἀμφὶ
3850 5259 4039 5309 Ἰάκω-

2452 5357 2568 5410 δον⁹
2602 5376 2619 5406 ι
2644 5356 2828 5425 Ὁρᾷς,
2850 5353 3065 5420 ἁδελφὲ,
3092 5353 3256 5403 πόσαι
3288 5349 3545 5417 μυριάδετ
3573 5350 3711 5399 εἰσὶν
3738 5350 3788 5398 οἱ
3812 5348 4039 5399 πιστεύ-

2454 5464 2666 5508 σαντες,
2706 5446 2802 5497 mi.
2851 5445 3049 5505 πάντες
3097 5443 3204 5494 εἰσὶ
3230 5441 3470 5509 ζηλωταὶ
3489 5439 3580 5492 τοῦ
3614 5440 3816 5507 νόμους
3852 5460 3871 5489 ι
3907 5440 4041 5492 Τότε

2454 5541 2563 5610 γὰρ
2589 5538 2821 5609 ἡγνίσθη
2852 5537 2919 5590 δι’
2958 5536 3174 5597 αὐτούς.
3215 5536 3356 5602 Ὂρκ
3385 5534 3441 5585 δὲ
3502 5530 3784 5599 πανταχοῦ
3819 5532 3904 5591 τὸ,
3938 5533 4040 5594 ὡς,

2457 5632 2896 5702 προσκείμενον,
2969 5630 3056 5681 ἴνα
3103 5628 3252 5699 δείξῃ
3309 5629 3389 5679 ὃτι
3449 5624 3812 5693 οικονομικῶς
3868 5625 4043 5676 ταῦτα

3048 5809 3243 5869 'Joan.
3289 5825 3417 5873 xm,
3450 5810 3533 5873 10,
