4204 6464
182 357 294 422 769

1126 351 1512 414 COMMENT.
1555 351 1631 410 IN
1666 352 1898 410 EPIST.
1941 350 1969 408 I
2007 351 2106 408 AD
2146 352 2508 412 CURlNTII.

3320 355 3425 417 ’ἱῚο

182 475 432 540 γέγονεν.
461 476 777 538 -Ἂλλωᾳ
804 493 820 523 ι
856 473 979 536 Τοῖς
1009 472 1230 541 ἀνόμοις
1243 471 1319 532 ώς
1348 472 1565 541 ἄνομος.
1590 470 1766 523 »Ἃνό-
1789 476 1838 532 Α

1730 470 1766 522 i-
1789 476 1838 532 Α
1866 476 2169 522 sectatores
2196 468 2329 537 legis
2363 470 2426 524 ‘°.
2464 491 2482 522 ι
2527 471 2681 525 Tunc
2721 472 2863 524 enim
2899 480 3120 542 propter
3152 472 3298 539 ipsos
3325 490 3390 540 pu

186 584 326 634 μους
368 567 533 633 λέγει,
582 567 706 628 τοὺς
731 566 805 636 μὴ
834 567 993 630 ὄντας
1030 567 1132 618 ὑπὸ
1159 566 1251 617 τὸν
1294 567 1539 629 Μωσέως
1567 566 1753 636 νόμον,

179 657 313 717 τοὺς
359 656 419 718 ἐξ
473 654 685 716 ἐθνῶν,
768 651 851 719 οἷς
902 659 997 710 καὶ
1043 656 1206 718 αὐτὸς
1264 657 1563 724 ἐπιφοιτῶν
1621 674 1756 725 συγ-

184 742 486 794 κατέϐαινε
512 746 577 812 τῇ
609 744 862 814 ἀσθενείᾳ
926 744 1126 807 αὐτῶν,
1157 746 1251 798 καὶ
1309 743 1480 796 πολλὰ
1511 745 1618 795 τῶν
1657 760 1755 813 με·

183 837 370 903 γάλων
416 838 698 906 δογμάτων
746 842 846 891 οὐκ
910 838 1214 906 ὲξέφαινεν,
1247 838 1404 899 εἰδὼς
1447 838 1645 899 αὐτοὺς
1681 838 1755 907 μὴ

186 926 579 995 βαστάζοντας.
645 928 828 990 Οὕτως
880 924 994 987 οὖν,
1050 929 1213 998 φησιν
1244 969 1256 991 ,
1306 929 1573 997 ὲγενόμην
1622 929 1758 997 πρὸς

182 1019 409 1082 αὐτοὺς,
469 1021 544 1082 ὡς
577 1020 651 1090 μὴ
696 1019 769 1072 ῶν
821 1022 923 1072 ὑπὸ
956 1022 1083 1082 τοὺς
1135 1021 1333 1089 νόμους
1368 1022 1463 1074 τοῦ
1493 1019 1755 1091 Χριστοῦ.

194 1107 393 1161 Ἢνξιια
432 1110 540 1179 γὰρ
571 1112 704 1179 πρὸς
737 1110 1052 1179 Ἀθηναίους
1086 1111 1438 1179 ἐδημηγόρει,
1460 1111 1522 1163 οὐ
1546 1110 1759 1180 τρανῶς

187 1198 265 1260 ώς
301 1202 432 1270 περὶ
496 1203 632 1253 Θεοῦ
689 1201 953 1271 διειλέχθη
983 1205 1051 1255 τὰ
1096 1203 1191 1254 τοῦ
1243 1202 1500 1271 Χριστοῦ,
1544 1203 1656 1255 ἀλλ’
1684 1202 1760 1265 ὠς

182 1294 317 1360 περὶ
351 1292 641 1361 ἀνθρώπου
685 1293 862 1361 ψιλοῦ.
916 1294 1050 1346 Οὐδὲ
1082 1293 1190 1363 γὰρ
1240 1292 1481 1363 ἐχώρουν
1514 1293 1760 1347 τοιοῦτόν

180 1398 236 1432 τι
270 1382 510 1434 ἀκούειν.
551 1383 884 1451 ’Υπενόησαν
918 1386 1025 1454 γὰρ
1050 1384 1116 1437 ἂν
1157 1385 1318 1437 αὐτὸν
1343 1386 1437 1437 ἕνα
1466 1386 1574 1438 τῶν
1611 1385 1762 1455 παρὰ

186 1472 341 1536 agis:
408 1474 897 1542 τεθεοποιημένων,
928 1470 1039 1537 οἷος
1067 1476 1094 1527 ὁ
1137 1476 1434 1544 Ἡρακλῆς,
1482 1479 1509 1528 ὁ
1539 1477 1763 1544 Ἀσκλη-

188 1567 337 1624 πιὸς,
392 1566 485 1615 καί
512 1568 557 1615 oi
590 1568 786 1620 λοιποί.
850 1584 868 1617 ι
896 1567 986 1636 Μὴ
1029 1567 1104 1619 ῶν
1154 1568 1353 1636 ἄνομος
1402 1567 1545 1636 Θεῷ.
1571 1586 1589 1618 s
1630 1565 1761 1620 Εἶτα

188 1654 279 1705 ἵνα
314 1655 389 1725 μὴ
421 1658 648 1725 νομίσῃς
698 1658 1001 1727 μεταϐολὴν
1050 1658 1275 1728 γνώμης
1319 1661 1622 1726 γεγονέναι,
1662 1661 1762 1711 ὲπ-

185 1746 338 1809 άγει,
379 1765 395 1794 ι
436 1748 525 1814 Μὴ
556 1747 630 1797 ὢν
660 1748 855 1815 ἄνομος
882 1750 1022 1818 Θεῷ,
1049 1768 1065 1798 t
1095 1755 1371 1802 τουτέστιν
1403 1750 1529 1802 ἄνευ
1583 1750 1761 1819 νόμων

185 1834 351 1895 Θεοῦ,
403 1856 420 1887 ι
456 1838 569 1889 ἀλλ’
606 1837 825 1909 ἔννομος
856 1841 1093 1910 Χριστῷ,
1135 1860 1153 1892 ι
1195 1842 1489 1904 τουτέστιν,
1536 1844 1759 1911 ἔννομος

1863 559 2100 614 rilieatus
2124 570 2224 615 est.
2256 560 2387 614 Vide
2410 572 2589 617 autem
2624 564 2767 632 quod
2798 565 2997 630 ubique
3018 566 3333 633 adjunctum
3360 566 3428 617 sit

1867 667 1886 701 ι
1917 650 2109 715 Quasi,
2137 669 2155 702 ι
2197 660 2255 704 ut
2287 654 2538 706 ostendat
2562 656 2705 721 quod
2739 654 2852 709 haec
2876 641 3271 724 dispensatorie
3287 654 3424 707 facta

1863 741 1993 795 sint.
2023 772 2095 781 —
2120 743 2236 795 Alio
2273 744 2446 797 modo.
2497 761 2514 793 ι
2553 744 2624 797 lis
2658 747 2745 813 qui
2789 748 2907 801 sine
2941 746 3056 813 lege
3079 757 3238 799 erant.
3270 747 3426 811 quasi

1863 834 1979 887 sine
2004 834 2142 902 lege.
2181 852 2198 885 ι
2249 836 2377 889 Sine
2409 837 2525 905 lege
2555 836 2689 889 dicit
2728 854 2823 891 eos
2864 839 2953 905 qui
2997 853 3103 890 non
3137 847 3292 890 erant
3324 839 3427 889 sub

1865 922 1980 992 lege
2025 923 2181 988 Mosi,
2223 940 2414 994 nempe
2454 928 2544 994 qui
2573 942 2602 981 e
2632 927 2887 996 gentibus
2929 937 3084 980 erant
3120 944 3133 979 :
3191 928 3253 979 ad
3292 943 3428 995 quis

1864 1016 2026 1068 etiam
2060 1031 2184 1069 cum
2217 1016 2520 1079 accederet,
2550 1017 2771 1071 demisit
2793 1032 2851 1071 se
2881 1018 2946 1071 ad
2969 1033 3157 1071 eorum
3190 1018 3429 1071 imbecil-

1868 1105 2093 1168 litatem,
2142 1108 2419 1177 multaque
2452 1124 2641 1177 magna
2671 1110 2919 1178 dogmata
2969 1111 3204 1173 reticuit,
3253 1110 3430 1163 sciens

1867 1213 1962 1251 eos
2006 1197 2149 1251 ferre
2182 1215 2286 1252 non
2328 1215 2512 1268 posse.
2568 1199 2642 1253 Ita
2675 1215 2805 1268 ergo
2843 1200 3018 1255 factus
3054 1216 3194 1266 sum,
3236 1201 3430 1268 inquit,

1868 1291 2007 1359 apud
2030 1291 2173 1354 illos,
2206 1299 2462 1361 tanquam
2493 1292 2595 1347 sub
2623 1290 2823 1345 Christi
2858 1291 3067 1360 legibus
3099 1308 3205 1344 non
3230 1305 3431 1344 essem.

1866 1379 2004 1435 Cum
2048 1383 2193 1436 enim
2243 1384 2384 1452 apud
2428 1384 2791 1438 Athenienses
2830 1385 3267 1443 conciouaretur,
3324 1396 3431 1435 non

1870 1472 2103 1542 palmam
2140 1488 2202 1527 ea
2251 1491 2371 1542 quae
2414 1473 2612 1528 Christi
2663 1482 2823 1527 erant
2864 1472 3144 1535 disseruit,
3182 1470 3334 1537 quasi
3367 1472 3435 1521 de

1871 1564 1982 1616 Deo
2030 1562 2277 1631 loquens,
2328 1563 2489 1633 506
2533 1564 2627 1617 sed
2659 1565 2817 1632 quasi
2862 1563 2929 1616 de
2976 1562 3122 1614 tutdo
3169 1562 3381 1614 homine
3418 1579 3431 1613 :

1869 1668 2046 1722 neque
2079 1657 2225 1707 enim
2259 1669 2491 1723 capaces
2525 1663 2703 1717 erant,
2736 1666 2793 1707 ttt
2833 1657 2939 1707 tale
2967 1654 3243 1723 quippiam
3277 1651 3436 1703 audi-

1867 1750 2009 1796 t‘ent.
2038 1741 2466 1808 Sttspicabantur
2491 1760 2724 1813 namque
2745 1761 2865 1797 cum
2890 1748 3043 1813 quasi
3067 1760 3231 1797 uuu'n
3247 1758 3433 1797 eorum

1862 1834 1954 1901 qui
1990 1835 2130 1900 apud
2165 1836 2312 1901 ipsos
2337 1836 2478 1886 inter
2508 1836 2645 1887 duos
2680 1836 2832 1886 relati
2862 1844 3041 1897 erant,
3064 1834 3256 1901 quales
3279 1838 3435 1885 erant

187 1928 455 1998 ὑπάρχων
487 1893 743 2000 Χριστοῦῖ
794 1893 1139 2000 Σημῖειωτιέον
1186 1935 1242 1987 δὲ
1282 1937 1342 1987 τὸ
1373 1893 1555 2005 ρητδν,
1592 1957 1608 1987 ι
1792 1893 1831 1946 Β

1792 1893 1831 1946 Β
1867 1922 2131 1987 Herodes,
2156 1925 2437 1992 Asc-lepius
2462 1940 2521 1977 ac
2547 1927 2745 1977 catt-ri.
2782 1943 2798 1975 t
2823 1925 2953 1978 Cutu
2982 1925 3087 1977 Deo
3121 1942 3225 1976 non
3258 1938 3433 1976 essent

186 2021 311 2088 εἰμὶ
345 2022 543 2089 ἄνομος
566 2023 723 2085 Θεοῦ,
747 2024 861 2077 ἀλλ’
880 2026 1124 2093 ἔννομος,
1152 2045 1169 2076 ι
1195 2030 1288 2079 καὶ
1308 2028 1426 2079 ἀντὶ
1447 2027 1540 2080 τοῦ
1562 2030 1762 2093 εἰπεῖν,

185 2110 328 2162 Θεοῦ
365 2112 541 2179 (τοῦτο
557 2114 662 2184 γὰρ
682 2115 713 2181 ἡ
737 2115 1068 2184 ἀκολουθία),
1089 2112 1257 2181 εἴπε,‹
1295 2119 1554 2189 Χριστοῦ.
1571 2139 1588 2172 ι
1623 2122 1765 2189 Ἀρα

187 2201 428 2268 Χριστὸς
476 2203 503 2253 ὁ
550 2203 704 2264 Θεός.
769 2223 788 2255 ι
819 2205 940 2268 Τοῖς
994 2205 1277 2259 ἀσθενέσιν
1329 2208 1404 2269 ώς
1448 2209 1699 2278 ἀσθενής.
1740 2228 1759 2260 ι

187 2290 309 2343 Καὶ
352 2292 470 2345 οὐδὲ
498 2294 660 2364 μέχρι
682 2294 887 2349 τούτων
934 2297 1118 2366 ἔστην,
1150 2299 1334 2368 φησὶν,
1368 2299 1500 2351 ἀλλὰ
1532 2302 1625 2352 καὶ
1654 2300 1765 2356 τοῖς

186 2382 447 2435 ἀσθενέσι
482 2387 611 2453 περὶ
639 2386 738 2456 τὴν
776 2387 957 2440 πίστιν
984 2386 1245 2451 ὡσαύτως
1276 2390 1507 2460 ἀσθενὴς
1542 2390 1758 2458 γέγονα.

189 2474 318 2536 Πῶς
378 2477 485 2545 γὰρ
510 2480 608 2530 οὐκ
640 2476 706 2548 ἦν
746 2478 917 2541 οὕτως
949 2482 1076 2532 ὅταν
1098 2481 1427 2551 δημηγορῶν
1454 2483 1512 2533 οὐ
1549 2481 1763 2549 τρανῶς

187 2565 267 2627 ὡς
297 2567 426 2633 περὶ
478 2565 615 2619 Θεοῦ
642 2568 737 2620 τοῦ
772 2568 897 2621 Υἱοῦ
931 2571 1024 2621 καὶ
1055 2570 1148 2622 τοῦ
1177 2572 1492 2640 ΙἸνεύματος
1523 2573 1764 2643 ἐμνημό-

187 2674 381 2721 usus»;
414 2659 522 2711 Καὶ
550 2662 608 2711 ἐν
637 2665 701 2729 τῇ
734 2662 867 2731 πρὸς
913 2662 1235 2731 Ῥωμαίους,
1268 2666 1353 2716 ὅτε
1395 2665 1519 2727 τοὺς
1549 2665 1765 2735 διακρι-

188 2751 455 2817 νομένους
499 2755 694 2818 φαγεῖν
753 2756 889 2825 κρέα
920 2756 1006 2807 διὰ
1035 2757 1138 2824 τὴν
1174 2757 1330 2807 ἐνίων
1366 2757 1540 2824 κρεῶν
1586 2774 1764 2827 παρα-

186 2844 445 2911 τήρησιν,
487 2843 692 2896 τούτων
716 2847 784 2915 τῇ
824 2846 1079 2916 ἀσθενείᾳ
1124 2848 1596 2915 συγκαταϐαίνων,
1637 2848 1765 2903 οὖτα

187 2935 357 2995 αὐτὸς
408 2934 618 2997 τούτοις
668 2936 924 3005 ὶπετίμα,
975 2938 1231 3000 καὶτοὺς
1291 2939 1484 3001 ἄλλους
1545 2938 1766 3009 ὃχλησιν

191 3026 382 3087 αὐτοῖς
436 3026 667 3092 ἐπάγειν
724 3026 981 3079 ἐκώλυεν.
1046 3044 1063 3078 ι
1098 3028 1221 3089 Τοῖς
1271 3028 1409 3079 πᾶσι
1468 3029 1667 3095 γέγονα
1698 3027 1766 3082 τὰ

194 3118 396 3171 πάντα.
420 3138 439 3169 ι
480 3118 589 3170 Καὶ
616 3120 891 3187 συντόμως
920 3121 1119 3171 εἰπεῖν’
1156 3120 1278 3181 Τοῖς
1320 3122 1455 3173 πᾶσι
1494 3121 1695 3186 γέγονα
1736 3118 1765 3173 ὃ

1868 2016 1985 2070 sine
2010 2018 2141 2084 lege.
2171 2036 2189 2067 ι
2222 2016 2423 2069 Deinde
2449 2032 2511 2069 ne
2543 2017 2826 2070 Sententia:
2853 2017 3205 2068 mutationem
3236 2015 3435 2067 iactant

1869 2123 1989 2161 esse
2036 2108 2340 2173 existimes,
2385 2107 2661 2176 subiungit
2692 2126 2704 2159 :
2744 2126 2761 2158 ι
2807 2108 2940 2160 Cum
2972 2105 3081 2160 Deo
3116 2123 3219 2158 non
3256 2120 3433 2158 essent

1866 2202 2149 2270 sinelege,
2178 2220 2194 2252 ι
2228 2203 2330 2255 hoc
2361 2210 2465 2263 est,
2500 2202 2617 2255 sine
2656 2203 2772 2265 Dei,
2796 2202 3027 2270 legibus,
3067 2201 3159 2254 sed
3190 2200 3292 2252 sub
3324 2200 3439 2266 lege

1867 2295 2091 2348 Christi.
2138 2294 2520 2348 Adttotandtnn
2560 2305 2642 2347 est
2684 2305 2861 2347 autem
2904 2294 3007 2346 hoc
3033 2294 3237 2347 dictum
3275 2292 3436 2342 :Non

1868 2400 1988 2440 sum
2038 2387 2156 2440 sine
2191 2386 2326 2455 lege,
2353 2386 2444 2439 sed
2476 2386 2579 2439 sub
2622 2386 2756 2454 lege.
2792 2385 2925 2437 Nam
2963 2400 3086 2437 eum
3128 2394 3271 2437 esset
3302 2398 3438 2435 con-

1867 2492 2103 2545 sequens
2155 2488 2214 2530 ut
2249 2477 2625 2546 subjungeret,
2663 2475 2776 2542 Dei,
2814 2476 2950 2529 dixit
2986 2476 3205 2530 Christi.
3254 2458 3439 2540 Itaque

1865 2567 2120 2624 Cltt'isuts
2152 2568 2295 2623 Deus
2327 2577 2428 2622 est.
2485 2588 2502 2619 ι
2546 2568 2780 2622 Inlirtnis
2810 2568 2966 2636 quasi
3002 2567 3271 2621 inﬁrmus.
3313 2584 3330 2616 ι
3374 2567 3438 2620 Et

1870 2676 2045 2730 neque
2072 2662 2125 2715 in
2157 2661 2263 2725 his,
2295 2661 2488 2728 inquit,
2512 2660 2808 2714 terminum
2843 2660 3022 2729 posui,
3063 2675 3247 2712 verum
3283 2656 3437 2711 inhr-

1872 2754 1975 2806 ntis
2011 2768 2227 2822 quoque
2272 2753 2324 2805 itt
2368 2755 2472 2805 litle
2509 2750 2688 2804 factus
2724 2767 2842 2805 sum
2881 2751 3128 2804 similiter
3165 2750 3436 2802 iniit-mus.

1868 2843 2063 2899 Annon
2116 2842 2188 2899 ita
2220 2858 2279 2897 se
2321 2843 2554 2899 habebat
2587 2843 2808 2913 quando
2849 2844 3171 2896 concionem
3204 2841 3434 2902 habens,

1864 2933 1989 2991 Filii
2034 2949 2099 2991 ac
2129 2933 2369 3005 Spiritus
2420 2937 2752 2991 mentionem
2782 2935 3037 2995 faciebat,
3090 2948 3196 2987 non
3250 2941 3438 2999 aperte

1864 3035 2121 3097 tanquam
2156 3028 2223 3080 de
2258 3025 2367 3080 Deo
2396 3025 2670 3095 loquens?
2701 3024 2765 3078 Et
2790 3026 2843 3079 itt
2870 3023 3112 3094 Epis'ola
3140 3023 3204 3076 ad
3234 3020 3438 3075 Roma-

1866 3131 1965 3169 nos
1991 3115 2317 3184 quibusdam
2344 3114 2769 3184 dijudicantihns
2794 3116 2953 3169 edere
2974 3127 3187 3172 carnes.
3216 3122 3436 3180 propter

188 3198 356 3275 ἦσαν,
420 3208 544 3257 οὒτε
606 3207 811 3268 πάντας
861 3206 1055 3270 σώζειν
1112 3207 1425 3277 προσδοκῶν
1461 3204 1515 3277 (ἧ
1547 3208 1655 3276 γὰρ
1696 3206 1761 3259 ἂν
1790 3230 1833 3289 C

1790 3230 1833 3289 ο
1868 3206 2311 3261 observationem
2362 3208 2720 3276 quarumdam
2784 3206 3059 3270 carnium,
3122 3204 3189 3257 ad
3243 3205 3435 3255 horum

188 3294 293 3349 οὐκ
318 3291 387 3364 ἦν
410 3293 582 3357 οὕτως
606 3296 963 3367 θαυμαστὸν),
982 3297 1094 3349 ἀλλ’
1119 3297 1202 3350 ἵνα
1232 3299 1324 3352 καὶ
1351 3299 1560 3367 ὀλίγους
1580 3300 1758 3355 σώσω.

190 3387 267 3440 Τὸ
296 3389 376 3452 δὲ,
406 3407 425 3440 ι
457 3388 695 3450 πάντως,
742 3408 760 3441 ι
804 3390 895 3443 καὶ
923 3392 1059 3458 πρὸς
1085 3386 1401 3463 προτροπὴν
1427 3396 1603 3445 κεῖται
1655 3392 1761 3445 τῶν

189 3480 601 3549 κηρυσσόντων.
659 3482 865 3550 Ὥσπερ
927 3481 1057 3547 γὰρ,
1094 3483 1248 3549 φησι,
1279 3483 1487 3546 πάντας
1523 3484 1762 3551 σωθῆναι

186 3570 473 3641 δυσχερὲς,
505 3570 646 3623 οὕτω
701 3575 793 3623 καὶ
815 3573 873 3624 τὸ
900 3573 971 3640 μὴ
1013 3575 1223 3635 πάντας
1258 3578 1516 3643 σωθῆναι.
1550 3593 1567 3624 ι
1594 3574 1764 3626 Τοῦτο

187 3661 244 3713 δὲ
269 3660 413 3713 ποιῶ
432 3660 517 3711 διὰ
542 3661 601 3712 τὸ
634 3659 991 3728 Εὑαγγέλιον.
1027 3680 1043 3710 ι
1081 3662 1412 3729 Εὐαγγέλιόν
1445 3680 1597 3733 φησι,
1637 3665 1762 3725 τοὺς

188 3749 282 3802 διὰ
315 3748 407 3799 τοῦ
436 3749 769 3814 Εὑαγγελίου
799 3748 1157 3818 σωζομένους,
1192 3751 1266 3812 ώς
1299 3752 1391 3805 καὶ
1422 3752 1533 3805 ἄνω
1558 3752 1764 3818 ἔλεγεν,

196 3859 213 3891 ι
238 3841 338 3892 Ἐκ
366 3842 458 3891 τοῦ
490 3840 821 3907 Εὑαγγελίου
854 3842 971 3909 ζῇν,
1000 3861 1017 3892 ι
1060 3844 1352 3905 τουτέστιν,
1380 3845 1443 3895 ἐκ
1476 3844 1582 3894 τῶν
1618 3842 1765 3910 αὐτῷ

190 3932 658 3983 πεπιστευκότων.
707 3932 875 3983 Τοῦτο
929 3933 985 3983 δὲ
1031 3934 1191 3995 ποιῶ,
1251 3934 1338 3987 διὰ
1390 3933 1515 3991 τοὺς
1560 3935 1622 3984 ἐκ
1671 3934 1764 3985 τοῦ

190 4022 526 4089 Εὑαγγελίου
554 4022 966 4085 πιστεύσαντας.
990 4023 1107 4074 ’Ίνα
1124 4024 1358 4091 δυνηθῶ,
1383 4024 1538 4092 φησὶ,
1572 4041 1768 4076 κοινω-

186 4112 559 4180 νῆσαιςαὺτοῖς
588 4114 695 4164 τῶν
723 4115 1097 4182 ἀποκειμένων
1111 4116 1292 4176 αὐτοῖς
1326 4114 1566 4181 ἀγαθῶν,
1592 4114 1770 4167 πάντα

187 4207 424 4275 ἐποίησα
453 4207 544 4257 καὶ
576 4206 732 4258 ποιῶ.
759 4207 898 4276 Ὅρα
917 4208 1418 4275 ταπεινοφροσύνης
1440 4206 1765 4275 ὑπερϐολήν.

189 4297 377 4350 Ταῦτα
396 4299 449 4350 δὲ
480 4299 684 4365 ἔλεγεν,
715 4299 814 4349 οὐκ
841 4298 1027 4366 ἐπειδὴ
1052 4298 1229 4366 μισθῷ
1250 4298 1543 4351 τινιταῦτα
1568 4297 1770 4366 ἔπρατ-

185 4408 303 4451 τεν,
330 4390 487 4443 ἀ>.λ’ἱ’
519 4408 552 4441 α
579 4390 817 4452 ἐκείνους
847 4388 1421 4457 ὲπισπάσηται,πάντα
1438 4394 1610 4444 ποιεῖν
1630 4392 1770 4462 ὑπὲρ

186 4487 290 4553 τῆς
322 4483 431 4552 τῶν
481 4484 726 4549 ἀδελφῶν
753 4481 1067 4549 οἰκοδομῆς,
1099 4481 1173 4542 ὼς
1206 4484 1301 4533 καὶ
1319 4485 1525 4544 ἐκεῖνος
1571 4482 1764 4535 ἐποίει.

1864 3300 2235 3353 inﬁrmitatem
2265 3314 2387 3353 sese
2415 3299 2728 3362 demittens,
2768 3314 2942 3367 neque.
2975 3301 3071 3350 I.os
3108 3297 3437 3365 ohjtngavit,

1864 3390 1956 3444 sed
1993 3398 2047 3442 et
2079 3390 2215 3443 alios
2246 3388 2380 3456 ipsis
2415 3404 2534 3443 esse
2560 3391 2822 3443 molestos
2856 3388 3133 3457 ptohibttit
3166 3388 3227 3440 ".
3268 3404 3285 3436 t
3310 3386 3438 3439 0m-

1867 3487 2031 3541 nibus
2089 3487 2271 3538 omnia
2322 3485 2498 3539 factus
2556 3501 2699 3540 sum.
2740 3504 2758 3537 ι
2821 3483 2889 3538 Ut
2935 3483 3171 3536 breviter
3208 3481 3434 3536 dicant:

1864 3576 2130 3633 Omnibus
2164 3577 2338 3631 factus
2372 3592 2490 3629 sum
2516 3576 2566 3629 id
2600 3577 2742 3644 quod
2778 3592 2947 3637 eram,
2981 3592 3078 3630 nec
3107 3585 3286 3629 tamen
3318 3592 3436 3627 ont-

1866 3686 1964 3724 nes
1993 3670 2176 3722 salvos
2206 3670 2382 3722 facere
2405 3683 2635 3736 sperans
2663 3668 2872 3734 (revera
2897 3670 3039 3721 enim
3073 3669 3152 3720 sic
3174 3684 3279 3720 non
3305 3669 3438 3720 :uleo

1867 3760 2243 3812 admirandum
2258 3761 2453 3824 esset),
2483 3760 2576 3811 sed
2599 3766 2655 3810 ttt
2681 3759 2761 3813 vel
2796 3773 2997 3825 paucos
3019 3758 3198 3811 salvos
3217 3756 3433 3809 furium.

1868 3850 2021 3918 Quod
2049 3858 2230 3904 autem
2263 3851 2336 3901 ait
2369 3866 2382 3901 :
2415 3867 2435 3899 ι
2468 3847 2725 3910 Omnino,
2762 3867 2779 3899 ι
2806 3849 2968 3899 etiam
3002 3851 3067 3900 ad
3098 3832 3436 3901 exhortatio-

1868 3957 1990 3996 nem
2032 3940 2441 4011 pra‘dicantium
2501 3941 2740 4008 ponitur.
2780 3937 3248 4002 Quemadmodum
3289 3938 3433 3989 enim

1869 4046 2082 4093 omnes,
2134 4030 2330 4097 inquit,
2383 4027 2568 4081 salvos
2628 4029 2806 4080 facere
2847 4034 2994 4078 esset
3052 4024 3299 4088 diliitile,
3362 4024 3434 4076 ita

1870 4137 2085 4191 quoque
2129 4121 2239 4174 lieri
2290 4136 2400 4173 non
2435 4119 2595 4172 facile
2640 4127 2814 4185 potest
2850 4127 2907 4170 ut
2941 4118 3072 4171 nttlli
3115 4118 3247 4170 salvi
3282 4116 3433 4168 ﬁant.

1875 4232 1893 4264 ι
1932 4212 2037 4264 lloc
2057 4219 2233 4264 autent
2256 4210 2393 4263 facio
2406 4219 2625 4277 prOpter
2642 4210 3012 4278 Evangelium.
3041 4226 3057 4257 ι
3081 4206 3430 4275 Evangelittm

1869 4302 2001 4357 dicit
2021 4316 2115 4354 eos
2135 4301 2226 4369 qui
2257 4300 2710 4369 perl'lvattgelium
2734 4299 2867 4351 salvi
2904 4298 3037 4352 ﬁunt
3064 4316 3076 4350 :
3106 4299 3429 4351 sic-utetiam

1870 4400 2029 4445 antra
2069 4390 2246 4442 dixit:
2308 4407 2326 4439 ι
2365 4390 2437 4441 Ex
2466 4389 2759 4455 Evangelia
2791 4387 2992 4447 vivere,
3038 4406 3055 4438 ι
3110 4386 3208 4439 hoc
3240 4394 3430 4448 e.~t,ex

1875 4482 1959 4535 Itis
1988 4479 2078 4549 qtti
2112 4479 2212 4547 ipsi
2251 4476 2620 4531 crediderunt.
2658 4479 2769 4529 Hoc
2817 4486 2996 4529 autem
3032 4475 3173 4529 facio
3213 4488 3433 4545 propter

186 4591 283 4629 eos
333 4577 424 4642 qui
459 4591 523 4627 ex
559 4575 855 4642 E\‘altg€ll0
882 4575 1252 4627 crediderunt.
1295 4573 1363 4627 Ut
1402 4577 1630 4643 possim,
1675 4576 1871 4645 inquit,
1925 4588 2047 4627 cum
2123 4573 2254 4638 ipsis
2309 4571 2583 4637 particeps
2664 4570 2775 4622 fieri
2855 4569 3218 4637 repositorum
3297 4568 3430 4635 ipsis

186 4667 488 4730 bonorum,
522 4666 704 4719 omnia
734 4663 834 4717 feci
868 4674 920 4717 et
962 4664 1123 4718 facio.
1165 4664 1297 4717 Vide
1329 4665 1609 4718 modestia:
1671 4663 2117 4735 magnitudinem.
2156 4660 2276 4712 llaec
2307 4668 2484 4711 autem
2531 4658 2766 4723 (licebat,
2804 4672 2912 4710 non
2980 4657 3122 4725 quod
3190 4658 3258 4708 ob
3331 4658 3425 4709 uli-

183 4759 330 4829 quod
360 4759 641 4825 praemium
669 4756 783 4811 haec
815 4755 1057 4810 faceret:
1093 4756 1185 4808 sed
1213 4763 1269 4808 ut
1293 4755 1411 4809 illos
1443 4755 1762 4821 attraherct,
1804 4768 1915 4825 quo
1949 4751 2130 4806 omnia
2170 4749 2415 4804 facerent
2443 4763 2541 4818 pro
2573 4747 2801 4800 fratrum
2830 4746 3215 4809 aediﬁcatione,
3288 4746 3429 4798 situt
3488 4756 3489 4759 ‘

180 4860 236 4905 et
266 4853 384 4921 ipse
412 4849 668 4904 faciebat.

254 5045 381 5097 Οὐκ
409 5041 608 5094 οἴδατε
652 5040 743 5092 ὅτι
771 5040 826 5090 oi
849 5037 919 5089 ἐν
934 5036 1155 5102 σταδίῳ
1182 5034 1496 5105 τρέχοντες
1538 5035 1760 5099 πάντες
1786 5038 1837 5098 D

173 5136 297 5205 μὲν
346 5132 691 5199 τρέχουσιν,
757 5122 839 5190 εἷς
882 5126 950 5179 δὲ
998 5126 1290 5196 λαμϐάνει
1338 5126 1403 5177 τὸ
1430 5126 1758 5192 βραϐεῖον;

182 5226 385 5287 Οὕτως
412 5223 648 5288 τρέχετε
669 5221 768 5272 ἵνα
797 5217 1189 5281 καταλάϐητε.
1210 5214 1333 5280 Πᾶς
1358 5219 1390 5269 ό
1412 5216 1757 5285 ἀγωνιζόμε-

180 5332 311 5375 νος,
353 5309 563 5363 πάντα
597 5310 1038 5378 ἐγκρατεύεται.
1072 5307 1328 5361 Ἐκεῖνοι
1361 5308 1478 5375 μὲν
1507 5304 1621 5361 οὖν
1656 5309 1756 5360 ἵνα

178 5403 455 5473 φθαρτὸν
485 5401 791 5469 στέφανον
842 5400 1130 5464 λάϐωσιν,
1152 5400 1318 5467 ἡμεῖς
1342 5399 1407 5451 δὲ
1431 5400 1754 5467 ἄφθαρτον.

180 5500 268 5566 Ἐγ
286 5501 333 5553 ὼ
354 5502 565 5553 τοίνυν
588 5497 775 5559 οὕτως
813 5494 1018 5561 τρέχω,
1043 5494 1122 5559 ὠς
1157 5496 1265 5545 οὐκ
1287 5492 1545 5559 ἀδήλωςο
1568 5492 1755 5556 οὕτως

181 5594 481 5656 πυκτεύω,
504 5590 586 5656 ὠς
634 5572 755 5642 οὐχ’
776 5586 921 5654 ἀέρα
991 5585 1198 5653 δέρων,
1256 5583 1393 5638 ἀλλ’
1436 5584 1751 5643 ὑπωπιάζω

259 5766 301 5797 ¹⁶
329 5766 449 5819 Act.
498 5760 727 5829 xxt,20.
807 5763 843 5794 “
887 5761 1045 5816 Rom.
1092 5777 1198 5824 τιν,
1247 5761 1263 5813 l
1304 5775 1418 5829 seq.

1936 5029 2029 5093 IX,
2060 5027 2250 5084 24—27.
2286 5028 2367 5081 Au
2388 5026 2597 5081 nescitis
2618 5024 2755 5095 quod
2784 5024 2875 5096 qui
2899 5023 2952 5078 in
2978 5021 3154 5078 stadio
3185 5031 3423 5087 currunt,

1858 5140 2035 5178 omnes
2059 5120 2266 5191 quidam
2311 5127 2549 5179 currunt,
2577 5118 2666 5172 sed
2698 5134 2833 5172 unus
2869 5117 3055 5181 accipit
3095 5116 3369 5184 premium
3403 5116 3428 5167 ?

1858 5213 1946 5269 Sic
1981 5216 2180 5267 currite
2221 5223 2276 5266 ut
2307 5210 2782 5279 comprehcndatis.
2825 5208 3072 5276 Quisquis
3104 5215 3275 5258 autem
3312 5221 3427 5257 cer-

1856 5316 1954 5365 tat,
1994 5308 2205 5359 omnino
2248 5313 2539 5369 temperans
2591 5309 2687 5352 est.
2727 5299 2820 5353 Illi
2854 5300 3108 5368 siquidem
3149 5304 3205 5347 ιιι
3247 5310 3428 5346 corru-

1855 5398 2089 5465 ptibilem
2115 5411 2361 5449 coronant
2386 5395 2668 5459 accipiant,
2696 5408 2787 5443 nos
2809 5406 2923 5443 vero
2952 5387 3423 5455 incorruptibilcm.

1861 5492 1971 5563 Ego
2000 5495 2173 5560 itaque
2205 5492 2279 5543 sic
2305 5507 2483 5549 curro,
2518 5498 2574 5541 ut
2603 5504 2705 5541 non
2742 5486 2900 5555 507
2927 5487 2977 5537 in
3010 5486 3262 5537 incertum
3299 5495 3317 5533 :
3348 5480 3425 5533 sic

1861 5587 2085 5656 pugilem
2125 5602 2242 5643 aao.
2276 5602 2377 5639 non
2412 5584 2547 5638 velut
2582 5598 2753 5637 acrem
2783 5583 2972 5651 feriens
3001 5593 3021 5633 :
3065 5577 3153 5632 sed
3201 5572 3423 5645 subjicio
