4204 6464
171 392 286 454 773

1108 389 1490 450 COMMENT.
1541 389 1622 448 IN
1657 388 1898 454 EPIST.
1934 394 1959 452 l
2007 398 2103 456 AD
2142 399 2502 463 CORINTH.
3323 408 3391 470 77

148 501 370 572 ,ϐρῶμα
398 503 804 572 πνευματικέν
854 505 1102 575 ἔφαγον,
1133 505 1231 559 καὶ
1269 503 1494 573 πάντες
1519 506 1584 562 τὸ
1612 506 1748 561 aen!

1866 510 2164 578 spir'laiem
2198 511 2459 569 biberunt.
2503 513 2760 568 Biberunt
2790 514 2929 570 enim
2968 515 3032 572 de
3055 519 3291 587 spiritali
3328 541 3445 593 qua:

153 598 324 664 πόμα
371 598 786 665 πνευματικὸν
809 599 1006 652 ἔπιον.
1047 600 1303 654 Ἐπινον
1333 601 1442 670 γὰρ
1469 601 1536 655 ἐκ
1566 619 1751 657 πνευ-

147 689 418 756 ματικῆς
444 690 912 758 ἀκολουθούσης
929 691 1171 760 πέτρας.
1217 693 1288 748 Ἡ
1309 691 1376 746 δὲ
1407 695 1535 762 πέτέ
1555 712 1593 750 α
1629 691 1757 767 ἦνό

151 784 440 850 Χριστός.

227 876 544 944 Καταλέγει
578 876 791 937 λοιπὸν,
823 879 1006 933 πόσων
1037 878 1350 952 ἠξιώθησαν
1381 879 1620 934 Ἰουδαῖοι
1649 880 1757 934 ἀπὸ

148 966 292 1021 Θεοῦ
323 967 566 1036 δωρεῶν,
603 970 697 1021 καὶ
723 969 965 1023 δείκνυσι
997 971 1134 1042 μετά
1156 972 1255 1033 τὰς
1285 971 1497 1043 δωρεὰς
1526 971 1753 1037 ταύτας,

145 1060 280 1120 τοὺς
321 1058 550 1121 πολλοὺς
603 1059 678 1127 μὴ
711 1059 1018 1129 ἁρέσαντας
1073 1060 1214 1130 Θεῷ.
1280 1061 1466 1116 Ταῦτα
1505 1061 1562 1114 δέ
1598 1079 1754 1133 φησι,

149 1149 392 1213 πείθων,
435 1151 516 1202 ὅτι
540 1152 754 1222 Ὠσπερ
785 1152 1030 1214 ἐκείνους
1065 1153 1167 1206 οὐκ
1200 1152 1377 1222 ὢνησε
1403 1155 1463 1207 τὸ
1485 1155 1756 1208 τοσούτων

145 1240 471 1294 ἀπολαῦσαι
538 1243 800 1313 δωρεῶν,
859 1244 1048 1314 ἐπειδὴ
1101 1246 1170 1298 τά
1227 1247 1356 1317 παρ’
1405 1247 1622 1309 ἑαυτοῖς
1675 1247 1751 1320 μὴ

151 1334 408 1404 ἔσχοντο,
475 1333 649 1399 οὕτως
707 1337 827 1390 οὐδὲ
881 1337 1025 1407 ὑμᾶς
1072 1337 1406 1410 ὠφελήσειὴ
1440 1341 1624 1404 πίστις
1663 1343 1756 1394 καὶ

143 1427 211 1478 τὸ
262 1427 585 1498 μυστηρίων
638 1428 947 1482 ἀπολαῦσαι
985 1431 1397 1501 πνευματικῶν,
1435 1434 1483 1485 εί
1536 1432 1611 1502 μὴ
1661 1434 1757 1485 καὶ

144 1519 343 1586 ἀξίους
397 1522 626 1584 ἑαυτοὺς
681 1525 997 1593 παράσχητε
1054 1525 1153 1593 τῆς
1203 1525 1296 1578 τοῦ
1341 1525 1476 1579 Θεοῦ
1509 1525 1754 1596 χάριτος.

151 1631 173 1664 ς
204 1614 332 1666 Ὀτι
365 1614 415 1664 οἱ
441 1613 677 1681 πατέρες
735 1616 896 1683 ἡμῶν
929 1615 1154 1678 πάντες.
1197 1636 1216 1669 ι
1264 1619 1351 1670 Ἐν
1383 1619 1617 1684 τούτοις,
1648 1620 1757 1673 ἀπο

145 1707 249 1775 τῆς
314 1706 676 1776 παραθέσεως
729 1709 838 1759 τῶν
903 1709 1175 1776 παλαιῶν,
1230 1710 1521 1765 παιδεῦσαι
1551 1713 1755 1778 αὐτοὺς

147 1797 410 1865 βούλεται
444 1797 512 1848 τὰ
536 1798 902 1869 προσήκοντα,
936 1799 1151 1863 δεικνὺς
1179 1801 1469 1864 κὶκείνους
1495 1804 1750 1874 καθάπερ

145 1889 205 1942 ἐν
241 1906 354 1941 τινι
416 1888 576 1959 τύπῳ
622 1891 729 1941 τῶν
789 1891 922 1943 ῖσων
979 1891 1338 1955 ἀξιωθέντας.
1391 1890 1582 1954 Οὕτως
1639 1895 1749 1963 γὰρ

146 1982 494 2052 καταλλήλου
512 1982 840 2052 φαινομένου
857 1982 950 2036 τοῦ
975 1985 1445 2054 παραδείγματος,
1464 1986 1751 2057 εὑρίσκετο

140 2074 374 2137 δικαίως
408 2075 596 2137 αὖτοίς
637 2075 923 2144 παραινῶν
961 2077 1036 2148 μὴ
1076 2078 1144 2130 τά
1180 2079 1344 2147 ὃμοια
1377 2079 1746 2150 πλημμελεῖν,

148 2167 241 2219 ἵνα
283 2167 362 2237 μὴ
397 2168 465 2220 τά
486 2169 648 2238 ὃμοια
709 2170 1024 2224 πείςωνται.
1059 2170 1132 2223 Τὸ
1183 2173 1283 2242 μὲν
1339 2169 1430 2226 οὖν
1493 2173 1596 2226 ὑπὸ
1651 2174 1752 2243 τὴν

147 2260 390 2328 νεφέλην
455 2263 653 2325 αὐτοὺς
714 2263 971 2330 γενέσθαι
1006 2303 1019 2325 ,
1087 2264 1321 2334 δήλωσις
1371 2261 1439 2335 ἦν
1491 2266 1590 2337 τῆς
1652 2267 1750 2319 τοῦ

146 2351 473 2420 Πυεύματος
533 2353 777 2423 χάριτος.
863 2355 1137 2415 Ἐκείνους
1192 2375 1249 2408 τε
1305 2358 1411 2426 γάρ
1465 2360 1495 2427 ἡ
1550 2359 1748 2430 νεφέλη

159 2443 480 2508 ικιάξονσα,
534 2445 635 2513 τῆς
692 2445 800 2499 τῶν
833 2446 1155 2512 Αἰγυπτίων
1178 2448 1385 2520 βλάϐης
1409 2450 1746 2520 ἀπήλλαττε,

143 2535 240 2585 καὶ
285 2535 436 2603 ἡμᾶς
467 2536 498 2604 ἡ
525 2536 685 2604 χάρις
717 2535 810 2588 τοῦ
843 2537 1004 2604 ἁγίου
1040 2538 1382 2608 Ιινεύματος.
1420 2540 1519 2609 τῆς
1554 2542 1748 2612 δαιμο-

143 2627 308 2696 νικῆς
360 2629 572 2697 ἐξαίρει
628 2630 855 2692 κακίας.
893 2630 966 2682 Τὸ
998 2629 1051 2683 δὲ
1091 2630 1181 2683 διά
1208 2631 1306 2700 τῆς
1347 2629 1626 2702 Θαλάσσης
1652 2635 1752 2686 ub-

141 2723 276 2784 τοὺς
313 2721 590 2785 διελθεῖν,
660 2723 804 2775 ἔοικε
859 2725 1002 2777 κατά
1048 2724 1206 2777 τοῦτο
1257 2728 1370 2787 τοῖς
1435 2726 1748 2796 ἡμετέροις.

148 2815 333 2883 Ὅπερ
392 2815 503 2885 γάρ
562 2815 847 2887 ἐκείνοιςὴ
895 2816 983 2869 διὰ
1021 2817 1117 2886 τῆς
1180 2816 1457 2888 θαλάσσης
1504 2820 1751 2890 παρέσχε

146 2905 441 2968 διάϐασις,
506 2906 615 2959 τῶν
689 2906 788 2975 μὲν
861 2907 1140 2977 πολεμίων
1209 2909 1409 2971 αὐτοὺς
1467 2910 1751 2976 παντελῶς

147 2995 538 3060 ἀπαλλάξασα,
613 2996 838 3066 βεϐαίαν
863 2999 919 3051 δὲ
955 2999 1050 3052 τοῦ
1080 2999 1271 3052 λοιποῦ
1300 3000 1401 3070 τὴν
1433 3000 1752 3073 ἐλευθερίαν

146 3089 572 3158 δωρησαμένη,
644 3091 801 3143 τοῦτο
877 3094 1009 3160 ἡμῖν
1082 3092 1215 3164 πρὸς
1275 3095 1402 3156 τοὺς
1443 3095 1753 3165 ἡμετέρους

1857 619 1944 657 eos
1970 604 2492 673 comitabatnrpeira
2521 623 2538 659 :
2573 621 2723 676 petra
2748 619 2922 663 autem
2945 623 3058 664 erat
3089 609 3355 670 Christus.

1930 867 2225 922 Enumerat
2256 869 2516 941 deinceps
2544 877 2677 940 quot
2701 871 2862 926 donis
2881 870 3050 927 Judaei
3083 890 3112 928 a
3137 873 3245 932 Deo
3267 874 3446 931 σιτεοιί

1863 963 1973 1018 sint
2014 971 2114 1017 :et
2160 961 2406 1016 ostendit
2451 965 2655 1018 multos
2700 980 2890 1019 eorum
2948 967 3112 1021 etiam
3159 979 3285 1036 post
3330 969 3446 1025 ha-c

1859 1056 2001 1112 dona
2030 1072 2137 1112 non
2200 1056 2473 1127 placuisse
2505 1057 2634 1111 Deo.
2669 1057 2794 1114 llaec
2853 1068 3035 1114 autem
3080 1061 3210 1115 dicit
3242 1062 3448 1119 docens

1859 1152 2024 1219 quod,
2047 1149 2199 1205 Sicut
2235 1151 2344 1205 illis
2380 1167 2485 1205 non
2517 1150 2724 1221 profuit
2752 1160 2827 1204 tot
2863 1153 2986 1207 illos
3014 1152 3184 1208 fuisse
3223 1158 3445 1224 gavisos

1860 1241 2044 1304 donis,
2071 1245 2327 1309 quoniam
2361 1259 2421 1297 ca
2446 1260 2566 1312 qua:
2597 1245 2650 1298 in
2685 1260 2743 1299 se
2767 1253 2926 1299 erant
2949 1260 3053 1299 non
3082 1249 3439 1316 praestabant,

1863 1335 1937 1388 ita
1967 1349 2145 1404 neque
2177 1334 2336 1388 vobis
2376 1336 2626 1405 proderit
2653 1337 2809 1400 fides,
2846 1344 2940 1389 aut
2973 1336 3316 1406 spiritalibus
3340 1338 3442 1392 do-

1861 1433 2008 1479 tatos
2041 1441 2164 1481 esse
2198 1427 2502 1498 mysteriis,
2537 1427 2646 1482 nisi
2680 1443 2776 1481 vos
2828 1429 3015 1482 divina
3045 1432 3218 1497 gratia
3246 1433 3444 1500 dignos

1864 1520 2234 1588 praebueritis.
2271 1538 2289 1572 ι
2327 1520 2483 1585 Quod
2547 1530 2730 1590 patres
2793 1522 2966 1574 nostri
3024 1535 3236 1575 onmes.
3278 1540 3296 1572 ι
3339 1523 3445 1577 Per

1863 1610 1973 1662 lucc
2006 1624 2033 1661 a
2066 1619 2310 1663 veterum
2345 1612 2765 1680 comparatione
2795 1614 2909 1664 vult
2933 1627 3028 1666 eos
3065 1613 3347 1668 instruere
3388 1617 3440 1668 in

1861 1699 1946 1753 his
1998 1716 2120 1771 qua:
2156 1701 2516 1764 conveniunt,
2559 1701 2860 1756 ostendens
2899 1703 3024 1758 illos
3053 1720 3275 1774 quoque
3319 1715 3444 1759 tan-

1859 1810 2021 1864 quam
2065 1795 2118 1848 in
2154 1805 2280 1866 typo
2312 1796 2545 1864 quodam
2577 1798 2809 1865 a:qualia
2853 1797 3151 1866 accepisse.
3194 1798 3266 1851 Ita
3295 1801 3441 1854 enim

1855 1889 2203 1943 Convenicnti
2256 1890 2512 1958 exemplo
2584 1891 2892 1958 proposito,
2957 1890 3270 1950 inveniebat
3332 1908 3442 1960 quo

1858 1987 2018 2048 pacto
2059 1982 2260 2032 merito
2316 1981 2467 2048 ipsos
2505 1980 2902 2034 adhortaretur
2943 1996 3011 2035 ne
3064 1983 3114 2034 in
3165 1983 3443 2040 similibus

1855 2072 2260 2142 delinquerent,
2330 2080 2387 2124 ut
2442 2087 2547 2125 non
2597 2072 2796 2126 similia
2834 2088 3052 2143 quoque
3101 2084 3440 2143 paterentur.

1854 2165 1961 2222 Eos
2005 2168 2188 2237 itaque
2231 2167 2334 2221 sub
2360 2167 2504 2221 nube
2529 2167 2722 2230 fuisse,
2757 2170 3130 2230 manil‘estatio
3170 2179 3285 2228 erat
3313 2187 3438 2242 gra-

1857 2260 1944 2312 tia:
1989 2260 2244 2329 spiritus.
2280 2258 2565 2329 Siquidem
2603 2262 2777 2314 nubes
2818 2261 2944 2316 illos
2981 2262 3320 2318 obumbrans
3373 2265 3440 2318 ab

1855 2353 2240 2425 Aigyptiorum
2293 2364 2625 2407 nocnmento
2652 2354 2942 2415 liberabat,
2985 2363 3036 2407 et
3069 2371 3167 2408 nos
3199 2355 3439 2424 Spiritus

1855 2447 2034 2503 Sancti
2095 2447 2271 2518 gratia
2333 2462 2361 2500 a
2411 2447 2744 2501 da'moniaca
2803 2447 2999 2502 liberat
3057 2449 3286 2501 malitia.
3336 2447 3440 2502 Per

1859 2556 2010 2594 mare
2073 2557 2203 2594 vero
2242 2542 2391 2609 ipsos
2444 2541 2760 2604 transiisse,
2795 2541 3002 2595 nostris
3039 2544 3205 2595 rebus
3255 2543 3306 2595 in
3337 2542 3439 2596 hoc

1857 2635 2112 2699 congruit
2143 2650 2155 2684 :
2195 2648 2320 2685 nam
2357 2631 2503 2702 quod
2539 2633 2646 2686 illis
2688 2633 2921 2702 praebuit
2959 2648 3054 2702 per
3101 2648 3251 2686 mare
3279 2643 3437 2686 tran-

1856 2725 2016 2789 sitns,
2043 2725 2110 2776 ab
2141 2725 2379 2780 inimicis
2415 2725 2641 2778 omnino
2668 2725 2930 2785 liberans,
2961 2734 3013 2778 et
3039 2724 3249 2779 firmam
3280 2726 3438 2779 dein-

1854 2832 1984 2885 ceps
2030 2818 2254 2871 tradens
2310 2817 2642 2871 libertatem.
2699 2816 2812 2871 lioe
2848 2818 3004 2872 nobis
3056 2833 3185 2887 erga
3218 2830 3440 2872 nosu'os

1855 2910 2108 2964 inimicos
2168 2925 2362 2979 nempe
2396 2913 2694 2973 ιίςνιιιιιιιρε,
2753 2909 2958 2962 fartum
3011 2919 3094 2964 est
3144 2911 3436 2980 baptisma.

1855 2998 2017 3069 509
2047 2999 2202 3065 Quod
2255 3007 2437 3052 autem
2499 2999 2603 3053 sub
2655 2997 2840 3052 Mosen
2897 2999 3156 3068 baptizati
3207 3009 3334 3054 sntit
3381 3002 3436 3054 in

1858 3093 2005 3146 nube
2058 3101 2112 3146 et
2168 3092 2222 3145 in
2262 3091 2423 3157 mari,
2476 3090 2752 3159 signilitat
2817 3089 2964 3158 quod
3037 3091 3176 3144 sicut
3212 3092 3290 3146 illi
3321 3091 3438 3147 lucc

148 3180 384 3250 ἐχθροὺς
412 3183 540 3244 τοὺς
567 3182 850 3252 δαίμονας,
883 3183 944 3236 τὺ
980 3183 1263 3254 βάπτισμα
1293 3185 1507 3254 γέγονε.
1557 3187 1631 3239 Τὸ
1669 3187 1748 3246 δὲ,

1859 3187 2124 3250 οεςροιειὶ,
2168 3185 2396 3254 polliciti
2429 3193 2559 3240 sunt
2593 3201 2651 3238 sc
2684 3184 2942 3239 Mosaicis
2978 3185 3190 3254 legibus
3218 3188 3426 3254 paritu-

157 3291 172 3320 ι
200 3271 295 3332 Ei;
327 3271 419 3323 τὸν
465 3272 672 3342 Μωσῆν
698 3273 1068 3328 ἐϐαπτίσαντο
1091 3276 1148 3326 ὲν
1176 3279 1240 3346 τῇ
1275 3278 1473 3346 νεφέλῃ
1497 3279 1587 3330 καὶ
1606 3279 1662 3330 ὲν
1686 3282 1750 3350 τῇ

151 3363 425 3434 θαλάσσῃ,
459 3383 476 3415 ι
534 3365 789 3435 σημαίνει
852 3367 935 3419 ὅτι
991 3368 1245 3432 καθάπερ
1292 3368 1491 3422 ἐκείνοι
1543 3369 1751 3423 τούτων

151 3456 417 3526 τυχόντες
475 3457 776 3525 ὑπέσχοντο
824 3463 937 3522 τοῖς
999 3461 1318 3523 Μωσαῖκοῖς
1367 3461 1554 3529 νόμοις
1578 3460 1748 3530 βιοῦν,

151 3547 300 3600 οὕτω
335 3550 432 3600 καὶ
491 3549 652 3617 ἡμεῖς
683 3549 740 3599 ἐν
775 3549 852 3619 τῷ
882 3549 1221 3620 βαπτίσματι
1252 3551 1310 3602 τὸ
1344 3552 1444 3621 τῆς
1472 3551 1751 3615 υἱοθεσίας

154 3641 513 3709 κομιζόμενοι
567 3640 806 3710 πνεῦμα,
839 3641 1118 3712 συνθήκας
1153 3645 1248 3696 καὶ
1284 3644 1577 3713 ὁμολογίας
1608 3643 1745 3696 τιθέο

155 3733 299 3800 μεθα
320 3731 416 3784 τοῦ
454 3732 597 3786 κατά
621 3735 718 3794 τὰς
747 3734 968 3797 ἐντολάς
1002 3736 1240 3806 Χριστοῦ
1273 3737 1393 3806 ζῇν,
1426 3735 1614 3805 ὥσπερ
1655 3734 1749 3788 καὶ

149 3828 196 3877 οἱ
235 3826 484 3878 ἰουδηῖοι
505 3820 659 3878 εἷπον
685 3826 820 3897 πρὸς
844 3827 1050 3895 Μωσῆν
1069 3871 1082 3890 ,
1123 3829 1204 3880 ὅτι
1229 3827 1294 3879 Εἴ
1315 3843 1366 3880 τι
1394 3828 1526 3896 ἡμῖν
1552 3827 1580 3878 ὁ
1615 3825 1749 3891 Θεὸς

153 3917 304 3987 εἴπῃ,
341 3920 666 3988 ποιήσομεν,
710 3918 850 3987 μετὰ
885 3917 983 3989 τὴν
1013 3918 1266 3972 διάϐασιν
1315 3919 1413 3987 τῆς
1449 3918 1744 3988 Ἐρυθρᾶς.

155 4031 172 4060 ι
218 4012 359 4063 Ὑπὸ
395 4013 492 4078 τὴν
537 4011 784 4081 νεφέλην.
816 4029 834 4063 ι
889 4013 1052 4078 Λέγει
1093 4011 1202 4083 γάρ
1227 4014 1254 4064 ὁ
1284 4012 1469 4064 Δαυῖδο
1506 4011 1745 4064 «Διεπὲ-

152 4121 287 4156 τασε
317 4103 551 4172 νεφέλην
582 4105 662 4165 είς
697 4103 910 4174 σκέπην
955 4104 1161 4166 αὐτοῖς.
1190 4105 1283 4156 καὶ
1317 4102 1429 4174 πῦρ
1457 4103 1549 4156 τοῦ
1576 4107 1748 4172 φωτί-

151 4215 241 4250 σαι
273 4197 471 4258 αὐτοὺς
493 4197 591 4266 τὴν
623 4196 816 4250 νύκτα.
845 4215 863 4247 ι
895 4224 951 4235 -
981 4211 1000 4247 ι
1026 4196 1116 4258 Εἰς
1146 4196 1237 4248 τίεν
1261 4197 1500 4266 Μωῧσῆν
1523 4195 1749 4248 ἐϐαπτί-

149 4306 335 4342 σαντο.
377 4307 396 4340 ι
477 4289 739 4341 Τουτέστι
804 4289 885 4359 τῷ
951 4291 1144 4342 Μωσεῖ
1219 4289 1603 4357 ἐκοινώνησαν
1668 4287 1748 4358 τῷ

150 4382 470 4451 βαπτισμῷ.
515 4382 732 4451 Ἐπειδὴ
757 4383 866 4452 γὰρ
896 4381 956 4434 τὸ
979 4369 1260 4452 βάπτισμα
1291 4383 1569 4433 κοινωνεῖν
1598 4382 1748 4450 ἡμᾶς

153 4477 301 4528 ποιεῖ
322 4474 402 4545 τῷ
433 4474 651 4543 θανάτῳ
700 4472 794 4525 τοῦ
842 4473 1081 4541 Χριστοῦ
1115 4513 1128 4536 ,
1177 4473 1238 4524 τὸ
1284 4471 1394 4524 τῶν
1448 4472 1628 4525 αὐτῶν
1671 4465 1747 4525 ὧν

149 4566 306 4620 εἷπον
375 4567 402 4618 θ
415 4565 678 4633 αυμάτων
742 4565 1073 4634 κοινωνῆσαι

151 4678 265 4728 σμα
315 4658 493 4710 καλεῖ.
540 4658 801 4709 Βούῖιεται
850 4656 960 4726 γὰρ
991 4655 1082 4707 τὸν
1123 4655 1291 4706 τύπον
1315 4655 1484 4721 ἐγγὺς
1516 4657 1747 4723 ἀγαγεῖν

147 4751 244 4818 τῆς
305 4747 590 4817 ἀληθείας.
642 4747 734 4798 Διὸ
788 4747 881 4799 καὶ
911 4745 990 4814 τῷ
1012 4744 1161 4814 αὐτῷ
1213 4745 1417 4815 ῥήματι
1448 4746 1745 4815 ἐχρήσατο,

147 4843 246 4912 τῇ)
278 4839 574 4894 κοινωνίαν
627 4841 726 4906 τῆς
762 4841 819 4891 ἐν
858 4841 923 4907 τῇ
977 4838 1222 4909 θαλάσσῃ
1252 4837 1424 4890 διόδου
1461 4836 1746 4907 βάπτισμα

150 4950 322 5004 προσε
334 4952 345 4984 ι
356 4932 472 4984 πών
482 4963 563 4985 .-
573 4931 774 5004 [ΓΡΗΓ
786 4930 868 4984 0P
878 4931 992 4983 IOT
1005 4931 1142 4982 ΤΟΥ
1163 4928 1569 5003 ΘΕΟᾹΟΓΟΥ]
1581 4925 1744 4984 Ἐϐἀὲ

151 5045 311 5081 πτισε
329 5027 569 5095 Μωῦσῆς
598 5025 693 5080 καὶ
722 5025 828 5095 πρὸ
843 5023 1036 5077 τούτου
1058 5025 1114 5076 ἐν
1133 5023 1330 5095 νεφέλῃ
1353 5025 1446 5077 καὶ
1471 5023 1740 5095 θαλάσσῃ.

151 5119 336 5182 Τόπος
366 5119 425 5171 δὲ
472 5114 559 5188 ἦν,
588 5117 664 5180 ὡς
714 5119 808 5170 καὶ
875 5115 1071 5186 Παύλῳ
1097 5116 1261 5180 δοκεῖ,
1299 5117 1332 5186 ἡ
1363 5116 1606 5171 θάλασσα
1647 5117 1743 5172 τοῦ

153 5212 371 5274 ὓδατος.
401 5212 434 5280 ἡ
489 5209 690 5279 νεφέλη
716 5209 811 5261 τοῦ
842 5207 1184 5278 Πνεύματος,
1220 5207 1280 5260 τὸ
1309 5207 1485 5277 μάννα
1515 5210 1611 5263 τοῦ
1643 5211 1741 5282 τῆς

153 5304 299 5370 ζωῆς
341 5303 534 5370 ἄρτου,
565 5299 629 5353 τδ
661 5299 813 5367 πόμα
846 5298 937 5352 τοῦ
972 5298 1117 5352 θείου
1151 5299 1418 5369 πόματος.
1453 5300 1739 5372 -[ΦΩΤ.]

153 5397 243 5457 Εἰς
277 5396 530 5453 ἐκεῖνον,
583 5395 768 5462 φησιν,
820 5391 1139 5461 ἀφορῶντες
1193 5391 1286 5445 καὶ
1343 5390 1741 5463 θαρρήσαντες,

156 5486 375 5552 ἀφῆκαν
403 5485 635 5546 ἑαυτοὺς
664 5484 744 5553 τῷ
771 5483 1050 5552 θαλασσίῳ
1107 5483 1308 5553 ῥείθρῳ
1361 5482 1740 5553 βαπτίζεσθαι.

155 5573 284 5628 Εἶτα
328 5575 428 5628 καὶ
485 5575 590 5628 ὑπὸ
639 5576 740 5644 τῆς
790 5577 1022 5647 νεφέλης
1073 5575 1334 5639 ὡσαύτως
1374 5576 1566 5641 ἐκείνῳ
1609 5595 1743 5630 κατ-

153 5665 576 5728 ακολουθοῦντες
623 5668 964 5731 ἐσκιάζοντο.
1001 5668 1062 5720 Εἰ
1102 5667 1210 5736 γὰρ
1241 5669 1336 5719 καὶ
1379 5668 1452 5738 μὴ
1483 5667 1560 5738 τῷ
1591 5665 1744 5722 ὕδατι

155 5759 566 5829 ἔκαλύςρθησαν,
643 5760 759 5813 ἁλλ’
808 5759 902 5812 οὖν
952 5762 1007 5812 ὲν
1049 5762 1244 5830 ἐκείνῳ
1298 5761 1374 5831 τῷ
1431 5762 1594 5834 χώρῳ
1650 5762 1744 5816 τοῦ

262 5880 508 5936 "Exod.
557 5896 705 5945 utr,
741 5883 772 5936 5
853 5879 1062 5937 "Paul.
1107 5897 1211 5943 civ,
1252 5881 1337 5936 39.

1854 3293 1946 3331 ros
1980 3297 1993 3333 :
2026 3279 2097 3330 ita
2130 3286 2183 3330 et
2225 3293 2326 3332 nos
2349 3278 2402 3331 in
2437 3278 2787 3347 baptismate,
2822 3274 3050 3345 Spiritus
3084 3278 3433 3346 adoptionem

1854 3367 2202 3436 accipientes,
2253 3375 2411 3436 pacta
2461 3376 2514 3420 ct
2571 3382 2860 3422 assensum
2915 3368 3223 3436 praebemus
3269 3368 3430 3438 juxta

1851 3459 2056 3514 Christi
2128 3468 2393 3528 praecepta
2453 3475 2553 3514 nos
2617 3460 2909 3514 victuros:
2990 3461 3133 3515 sicut
3169 3471 3222 3514 ct
3259 3460 3434 3517 Judaei

1853 3557 1976 3619 post
2031 3555 2328 3604 transitum
2373 3550 2543 3604 maris
2582 3547 2753 3602 Rubri
2787 3551 3045 3605 dixerunt
3086 3551 3148 3605 ad
3197 3552 3384 3607 Mosen
3415 3591 3431 3608 .

1856 3662 1873 3694 ι
1919 3643 1974 3696 Si
2005 3643 2134 3712 quid
2167 3643 2370 3697 dixerit
2403 3643 2562 3696 nobis
2605 3641 2773 3708 Deus,
2812 3643 3076 3700 faciemus
3110 3653 3233 3714 post
3274 3655 3432 3699 tran-

1850 3736 2015 3790 situm
2085 3737 2256 3791 maris
2327 3736 2499 3790 Rubri
2559 3735 2628 3790 η.
2667 3754 2686 3788 ι
2719 3769 2786 3780 σ-
2821 3757 2839 3789 ι
2904 3735 3020 3792 Sub
3067 3737 3231 3792 nube.
3274 3757 3292 3789 ι
3341 3739 3432 3794 Ait

1849 3828 1994 3881 enim
2050 3827 2218 3882 David
2256 3845 2269 3882 :
2303 3849 2320 3881 ι
2355 3828 2633 3899 Expandit
2693 3831 2891 3884 nubem
2927 3831 2982 3884 in
3030 3832 3430 3900 protectionem

1849 3922 1950 3983 eis,
1985 3928 2037 3974 ct
2065 3921 2239 3991 ignem
2271 3931 2327 3976 ut
2360 3921 2698 3978 illuminaret
2723 3939 2819 3979 eos
2844 3932 3004 3978 nocte
3022 3925 3082 3978 ¹³.
3117 3942 3135 3976 ι
3162 3955 3230 3965 -
3265 3944 3282 3975 ι
3319 3924 3433 3980 Sub

1849 4010 2035 4064 Mosen
2090 4012 2350 4080 baptizati
2410 4021 2561 4076 sunt,
2596 4031 2614 4064 ι
2661 4015 2741 4077 εἰς
2770 4012 2861 4066 τὸν
2901 4015 3142 4084 Μωῦσῆν
3193 4015 3294 4068 hoc
3319 4024 3428 4078 est,

1848 4101 1995 4172 quod
2061 4101 2196 4158 Mosi
2240 4106 2788 4159 communicaverunt
2823 4105 2877 4158 in
2929 4106 3222 4175 baptismo.
3277 4107 3429 4174 Quo-

1851 4198 1995 4248 niam
2028 4198 2172 4250 enim
2209 4196 2480 4266 baptisma
2512 4197 2846 4266 participare
2879 4213 2982 4252 nos
3008 4197 3140 4253 facit
3165 4199 3219 4253 in
3253 4211 3428 4255 morte

1848 4286 2078 4350 Christi,
2109 4287 2386 4354 baptisma
2447 4285 2582 4339 dicit
2647 4285 2795 4355 quod
2849 4285 3022 4342 Judaei
3068 4289 3263 4343 horum
3304 4305 3428 4359 qua;

1850 4377 2094 4432 diximus
2161 4377 2552 4430 miraculorum
2611 4377 2912 4447 participes
2954 4377 3082 4432 facti
3129 4379 3263 4434 sint.
3299 4379 3427 4434 Vult

1851 4485 2089 4541 namque
2121 4479 2308 4541 typum
2337 4468 2554 4524 veritati
2587 4471 2896 4539 proximum
2919 4470 3149 4526 reddere
3175 4489 3188 4524 :
3219 4472 3427 4527 idcirco

1150 4563 1440 4626 Ἰουδαίους
1476 4605 1492 4629 ,
1551 4563 1746 4634 βάπτι-

1857 4562 2023 4615 etiam
2057 4561 2250 4615 eodem
2298 4561 2468 4614 verbo
2502 4575 2635 4615 usus
2673 4567 2780 4623 est,
2811 4561 3105 4614 transitum
3146 4575 3242 4630 per
3277 4577 3429 4616 mare

1853 4653 2138 4723 appellans
2171 4652 2464 4720 baptisma.
2514 4651 2817 4720 Baptizavit
2851 4659 2906 4705 et
2956 4659 3084 4706 ante
3116 4653 3218 4706 hoc
3248 4651 3428 4708 Moses

1855 4744 1908 4799 in
1949 4745 2095 4798 nube
2127 4751 2182 4798 et
2237 4743 2379 4797 mari
2415 4761 2428 4798 :
2477 4752 2642 4814 typus
2671 4743 2818 4798 enim
2859 4753 3002 4809 erat,
3044 4744 3206 4799 sicuti
3258 4744 3428 4800 Paulo

1852 4851 2073 4907 quoque
2109 4835 2326 4890 videtur
2363 4853 2376 4890 :
2429 4851 2602 4900 mare,
2664 4850 2820 4906 aqua?
2857 4853 2869 4889 :
2907 4836 3106 4900 nubes,
3151 4837 3380 4905 spiritus
3412 4856 3426 4892 :

1856 4939 2078 4991 manna,
2114 4924 2274 4994 panis
2300 4924 2424 4979 vita:
2457 4943 2469 4978 :
2500 4931 2686 4994 potus,
2713 4925 2886 4978 divini
2914 4925 3118 4994 poculi.
3150 4925 3205 4980 In
3249 4926 3428 4990 illum,

1857 5017 2062 5088 inquit,
2101 5018 2384 5072 intuentes
2440 5025 2496 5070 ct
2543 5016 2886 5072 confidentes
2917 5019 3288 5087 permiserunt
3321 5020 3430 5075 sci-

1853 5127 1983 5178 psos
2014 5112 2243 5167 marinis
2274 5110 2534 5164 fluctibus
2566 5111 2858 5180 baptizari.
2902 5110 3110 5167 Deinde
3143 5112 3245 5167 sub
3277 5112 3425 5167 nube

1855 5220 2072 5276 quoque
2092 5206 2344 5261 similiter
2367 5205 2517 5258 illum
2539 5205 2938 5274 subscquentes
2960 5211 3218 5274 tanquam
3236 5203 3426 5258 umbra

1847 5301 2197 5370 tegebantur.
2228 5299 2556 5368 Quanquam
2587 5299 2732 5354 enim
2769 5312 2906 5367 aqua
2935 5312 3042 5351 non
3071 5297 3184 5351 sint
3222 5296 3422 5366 operti,

1850 5399 2092 5447 attamen
2127 5408 2192 5447 eo
2221 5407 2376 5461 aqua:
2416 5391 2597 5462 spatio
2632 5389 3045 5461 gradiebantur,
3073 5389 3127 5443 in
3167 5404 3278 5455 quo
3325 5403 3428 5444 nc-

1851 5497 2010 5538 cesse
2047 5490 2133 5538 est
2161 5498 2257 5537 eos
2307 5483 2400 5552 qui
2439 5489 2825 5552 pcrtranscant
2864 5482 2996 5534 totis
3041 5479 3202 5548 aquis
3247 5480 3425 5548 bapti-

1853 5577 1963 5630 zari
2006 5577 2121 5631 sive
2144 5574 2413 5644 dcmergi,
2445 5588 2584 5642 aqua
2635 5587 2793 5626 suam
2847 5579 3103 5626 servante
3147 5579 3424 5623 naturam.

1860 5688 1877 5719 ι
1916 5667 2029 5722 Sub
2067 5667 2256 5721 Mosen
2294 5662 2559 5735 baptizati
2623 5672 2775 5727 sunt,
2820 5683 2839 5716 ι
2892 5663 3093 5734 inquit.
3142 5658 3426 5730 Siquidem

1859 5762 2042 5816 intuiti
2100 5760 2256 5814 illum
2289 5759 2342 5813 in
2382 5757 2550 5813 maris
2591 5756 2894 5812 divisiones
2929 5755 3263 5827 ingressum,
3300 5750 3424 5805 imi-
