4204 6464
144 397 246 463 781

1087 392 1470 452 COMMENT.
1513 392 1591 451 ΙΝ
1634 390 1871 449 EPIST.
1915 392 1934 447 J
1982 392 2080 451 AD
2109 390 2467 448 COIUNTU.

3314 378 3418 441 789

142 506 236 560 τοῦ
274 505 477 567 τέλους.
508 504 581 557 Τὸ
609 503 664 557 δὲ
696 503 1054 572 κατήντησεν,
1108 496 1221 552 οἷον
1252 499 1476 568 ἔφθασε.
1517 518 1534 549 ι
1566 500 1725 550 Ὥστε

1847 515 1959 557 ,mu,
1988 499 2090 550 huc
2125 507 2229 564 ρει,
2255 498 2760 565 appropinquarunt
2790 512 2801 546 λ
2847 512 2863 543 ι
2906 490 3142 546 Proinde
3175 491 3269 561 qui
3309 490 3416 545 sibi

149 600 178 649 ὁ
208 597 384 649 δοκῶν
431 596 676 649 ἑστᾶναι.
726 612 745 645 ι
787 592 956 646 Πάλιν
981 594 1106 655 τοὺς
1138 592 1232 645 ἐπὶ
1264 594 1330 661 τῇ
1360 590 1557 658 γνώσει
1588 592 1731 659 μέγα

142 687 484 757 φρονοῦντας
533 686 851 739 αἰνίττεται.
912 685 972 737 Εἰ
1004 684 1111 753 γὰρ
1163 685 1257 735 καὶ
1293 683 1539 741 έστᾶναι,
1574 684 1731 751 φησὶ,

144 779 412 848 νομίζεις,
443 777 671 829 εὐλαϐοῦ
715 777 790 846 μὴ
826 776 1018 846 πέσῃς.
1057 776 1198 828 Αὑτὸ
1248 774 1356 844 γὰρ
1401 774 1463 826 τὺ
1509 774 1733 843 Θαῤῥεῖν

143 872 218 934 ὡς
254 871 517 937 ἕστηκας,
545 870 666 921 οὐδὲ
702 869 925 920 ἐστᾶναι
957 866 1126 919 ὲστῐν.
1174 866 1237 919 Εἰ
1263 866 1318 916 δὲ
1352 866 1445 917 καὶ
1476 863 1733 931 ἕστηκας,

144 963 379 1033 εὐχερὴς
426 962 484 1027 ἐξ
521 960 777 1023 ἀπονοίας
818 963 850 1030 ἡ
901 959 1128 1020 πτῶσις.
1178 974 1197 1008 ι
1250 954 1561 1025 Πειρασμδς
1593 953 1735 1022 ὑμᾶς

144 1059 248 1106 οὐκ
308 1054 557 1121 εἴληφεν.
601 1071 618 1104 ι
678 1052 900 1121 Ἐπειδὴ
965 1048 1233 1118 ἐφόϐησεν
1288 1047 1486 1107 αὐτοὺς
1543 1044 1733 1097 εἰπών’

149 1166 168 1197 ι
214 1146 472 1198 Βλεπέτω
521 1145 598 1214 μὴ
640 1144 817 1215 πέσῃ·
882 1162 901 1195 ›
954 1141 1181 1203 πολλοὺς
1219 1140 1274 1192 δὲ
1327 1136 1469 1209 ἦσαν
1506 1138 1737 1204 ὑπενεγ-

146 1238 339 1298 κύντες
399 1237 496 1306 ἤδη
544 1234 910 1304 πειρασμοὺς,
972 1232 1058 1284 ἵνα
1109 1231 1185 1301 μὴ
1208 1231 1428 1296 λέγωσι’
1480 1230 1544 1282 Τί
1587 1230 1735 1297 ἡμᾶς

147 1324 375 1392 φοϐεῖς;
412 1322 624 1375 πολλῶν
649 1323 779 1389 ἡμῖν
812 1320 1121 1388 γενομένων
1151 1316 1475 1387 πειρασμῶν
1507 1317 1599 1368 καὶ¹
1625 1333 1738 1368 κιν-

143 1418 327 1468 δύνων
380 1415 441 1466 οὑ
504 1413 895 1482 πεπτώκαμεν,
958 1412 1053 1464 καὶ
1103 1410 1201 1463 νῦν
1259 1409 1457 1478 ἔχομεν
1520 1412 1735 1471 most»);

144 1510 353 1576 Φςσέν·
391 1506 505 1560 Ούκ
534 1505 756 1573 εἴληφεν
806 1506 949 1573 ὑμᾶς
989 1501 1292 1571 πειρασμὸς
1344 1500 1535 1569 μέγας,
1578 1499 1625 1549 εἰ
1664 1496 1739 1567 μὴ

151 1600 375 1670 μικρός.
420 1596 782 1666 ’Δνθρώπινον
811 1594 920 1665 γὰρ
948 1594 1037 1646 τὸν
1061 1592 1257 1663 μικρὸν
1287 1590 1462 1645 καλεῖ.
1491 1608 1509 1641 ι
1545 1588 1739 1651 Πιστὸς

149 1692 205 1743 δὲ
241 1692 270 1741 ὁ
306 1690 459 1749 Θεός.
502 1706 521 1738 s
563 1687 853 1738 Τουτέστιν
886 1683 1114 1752 ἀληθής.
1168 1680 1565 1749 Ἐπηγγεὶλατο
1604 1679 1735 1748 γάρ’

155 1800 172 1832 ι
206 1778 400 1839 Δεῦτε,
426 1777 475 1828 oi
502 1773 824 1837 κοπιῶντες,
850 1773 943 1825 καὶ
974 1771 1275 1824 ἀναπαύσω
1313 1770 1478 1839 ὑμᾶς,
1520 1787 1538 1818 ι
1572 1769 1739 1837 ἧγουν

1836 587 2050 641 videtur
2080 600 2245 644 stare.
2288 607 2307 639 ι
2353 587 2479 641 lllos
2526 602 2741 639 rursum
2774 587 2914 639 clam
2956 584 3208 655 objurgat
3233 585 3325 653 qui
3351 583 3420 637 de

1837 678 2066 733 scientia
2131 679 2529 748 gloriabantur.
2592 679 2914 744 Quanquam
2970 678 3117 731 enim
3168 683 3221 729 te
3274 683 3422 728 stare

1837 769 2175 835 exsistiinas,
2208 770 2407 838 inquit,
2439 771 2569 823 timo
2600 785 2667 823 ne
2694 767 2880 821 cadas.
2911 766 3044 820 Nam
3078 768 3256 838 ipsum
3289 781 3423 820 con-

1841 861 2006 916 fidere
2048 862 2191 932 quod
2223 861 2413 915 firmus
2433 872 2565 924 stas.
2595 878 2661 916 ne
2689 868 2837 916 stare
2867 859 3086 929 quidem
3118 868 3201 913 est
3229 876 3243 912 :
3275 860 3421 928 quod

1840 953 1886 1005 si
1936 955 2099 1007 etiam
2156 963 2271 1008 stas
2303 994 2317 1017 ,
2373 953 2549 1007 facilis
2595 965 2675 1008 cst
2731 969 2793 1007 ex
2852 951 3164 1023 arrogantia
3216 951 3421 1019 lapsus.

1847 1060 1865 1092 ι
1904 1042 2153 1098 Tentatio
2186 1063 2286 1101 vos
2321 1062 2428 1100 non
2462 1045 2843 1115 apprehendit,
2877 1064 2893 1094 ι
2927 1043 3201 1108 Quoniam
3229 1045 3427 1096 terruit

1839 1148 1935 1188 eos
1974 1135 2163 1188 dicens
2194 1153 2207 1187 :
2256 1155 2272 1184 ι
2309 1135 2500 1189 Videat
2543 1150 2610 1188 ne
2639 1134 2829 1197 cadat;
2871 1151 2889 1183 ι
2920 1131 3031 1200 jam
3058 1142 3239 1184 autem
3282 1132 3426 1182 mul«

1841 1234 1926 1281 tas
1957 1226 2104 1296 passi
2132 1227 2349 1280 fuerant
2394 1228 2722 1281 tentationes
2752 1244 2764 1279 :
2804 1240 2872 1279 ne
2916 1226 3123 1287 dicant,
3146 1223 3287 1289 Quid
3323 1237 3426 1276 nos

1841 1320 2055 1375 terres?
2082 1320 2219 1373 Cum
2246 1321 2359 1389 jam
2396 1320 2579 1374 multa:
2626 1318 3044 1388 supervenerint
3092 1316 3426 1371 tentationcs

1842 1426 1905 1466 ac
1938 1414 2203 1483 pericula,
2242 1429 2349 1469 non
2384 1413 2707 1473 cecidimus,
2742 1421 2796 1466 et
2815 1427 2957 1466 nunc
2991 1411 3174 1465 casuri
3202 1408 3429 1464 sumus?

1842 1502 2026 1557 Dicit:
2079 1503 2198 1557 Non
2252 1503 2612 1573 apprehendit
2657 1517 2755 1557 vos
2799 1516 2996 1571 magna
3041 1501 3295 1563 tentatio,
3332 1499 3429 1553 sed

1843 1604 2053 1649 tantum
2081 1611 2245 1665 parva
2271 1615 2285 1650 :
2314 1605 2477 1649 vocat
2503 1596 2649 1650 enim
2690 1596 2991 1648 humanum
3019 1594 3166 1663 quod
3199 1607 3427 1663 parvum

1843 1695 1947 1741 est.
1979 1705 1998 1737 ‹
2053 1687 2254 1741 Fidelis
2288 1696 2469 1741 autem
2514 1697 2597 1741 cst
2647 1685 2810 1741 Deus.
2874 1705 2892 1737 ι
2951 1684 3066 1739 lloc
3110 1695 3193 1739 est
3239 1699 3427 1738 verax.

1850 1776 2129 1848 Siquidem
2168 1779 2420 1849 promisit
2452 1778 2644 1833 dicens
2677 1796 2690 1833 :
2730 1797 2748 1830 ι
2774 1776 2989 1843 Venite,
3023 1778 3116 1847 qui
3162 1777 3430 1831 laboratis

148 1870 275 1930 τοὺς
300 1866 754 1935 πειραζομένους.
790 1880 811 1915 ε
835 1862 1009 1932 Ὑπὲρ
1038 1861 1333 1913 ὃδύνασοε.
1360 1879 1377 1909 ι
1413 1858 1736 1925 Ἀναλόγως,

1850 1870 2237 1926 ctrefocillabo
2274 1871 2487 1936 vos",i
2516 1886 2711 1939 nempe
2738 1886 2832 1924 eos
2851 1871 3259 1939 quitentantur.
3278 1888 3297 1919 ι
3326 1870 3435 1922 Su-

150 1962 311 2028 φηεῖ,
356 1961 424 2029 τῇ
460 1955 609 2027 ὑμῶν
652 1954 903 2025 δυνάμει.
968 1956 1243 2025 συγχωρεῖ
1299 1954 1391 2005 τὸν
1441 1952 1743 2021 πειρασμὸν

150 2053 438 2124 ἔρχεσθαι,
487 2050 689 2121 μᾶλλον
729 2049 784 2101 δὲ
820 2050 927 2110 na;
975 2046 1280 2117 πειρασμὸς
1323 2046 1524 2116 μείζων
1564 2043 1741 2113 ἡμῶν,

152 2150 200 2199 εἱ
250 2146 330 2216 μὴ
363 2144 597 2215 Χριστὸς
640 2141 840 2213 βοηθεῖ.
888 2160 905 2192 ι
943 2140 1102 2192 ’Λλὶά
1141 2141 1354 2208 ποιήσει
1384 2137 1480 2189 σὺν
1516 2136 1593 2206 τῷ
1624 2152 1745 2187 πει-

155 2239 376 2310 ρασμῷ.
417 2258 435 2289 s
470 2266 541 2276 —
577 2233 776 2308 [MT
810 2234 981 2286 Τοῦτο
1007 2231 1169 2301 διχῶς
1210 2232 1357 2284 ἐστὶν
1387 2228 1636 2282 ἐκλαϐεῖν
1659 2246 1671 2258 ·
1709 2226 1741 2296 ἢ

152 2335 237 2386 ὃτι
265 2332 358 2384 τὸν
410 2329 718 2400 πειρασμὸν
757 2325 1055 2395 συγχωρῶν
1099 2322 1363 2385 ἐπελθεῖν,
1417 2323 1616 2374 αὐτίκα
1652 2326 1745 2372 καὶ

156 2422 500 2486 διασκεδάζει
527 2424 622 2475 καὶ
640 2419 802 2474 παύει
827 2420 1009 2483 αὑτὸν,
1032 2417 1170 2471 ὥστε
1192 2418 1285 2469 καὶ
1305 2416 1450 2485 ὑμᾶς
1482 2413 1744 2467 δύνασθαι

158 2517 244 2568 διὰ
285 2518 350 2568 τὸ
402 2516 583 2582 ὀλίγον
631 2515 822 2585 χρόνον
894 2512 1133 2581 ἐνοχλεῖν
1201 2510 1352 2577 ὑμῖν,
1418 2508 1744 2573 ὑπενεγκεῖν

163 2609 351 2661 αὑτόν.
383 2607 453 2658 ἿΙ
488 2608 571 2659 ὅτι
605 2608 701 2658 σὺν
728 2606 807 2675 τῷ
836 2602 1132 2674 πειρασμῷ
1159 2604 1374 2670 ποιήσει
1406 2601 1499 2653 καὶ
1527 2599 1624 2667 τὴν
1655 2599 1745 2649 ἐπὶ

163 2700 227 2765 τῇ
264 2696 513 2765 ὑπομονῇ
547 2698 640 2748 καὶ
674 2695 941 2765 καρτερίᾳ
980 2693 1225 2755 ἔκϐασιν,
1256 2690 1502 2744 τουτέστι
1529 2689 1745 2756 ποιήσει

165 2790 313 2856 ἡμᾶς
369 2789 568 2840 αὐτίκα
605 2788 963 2856 καρτερικοὺς
1009 2786 1101 2837 καὶ
1156 2784 1449 2853 ὑπομένειν
1504 2783 1742 2844 ἱκανοὺς,

166 2882 307 2933 ῶστε
354 2880 525 2950 μηδὲν
578 2881 723 2948 ὑμᾶς
775 2881 839 2930 ὲκ
896 2878 989 2929 τοῦ
1027 2874 1334 2944 πειρασμοῦ
1392 2872 1743 2940 βλάπτεσθαι,

168 2974 303 3025 ἀλλὰ
339 2970 540 3041 μᾶλλο)
574 2972 665 3021 καὶ
723 2969 933 3036 μεγάλα
974 2965 1274 3034 κερὸἀνειν.
1310 2980 1329 3012 ι
1375 2963 1483 3014 Καὶ
1524 2964 1620 3031 τὴν
1651 2962 1746 3013 ἔχε

168 3063 349 3115 ϐασιν.
379 3080 396 3111 ι
452 3060 715 3115 Ἐκὸασιν
758 3058 905 3125 λέγει
937 3057 1034 3126 τὴν
1067 3055 1344 3125 πλήρωσιν
1388 3054 1480 3105 καί
1523 3053 1743 3115 παῦσιν,

168 3156 254 3207 διὰ
278 3156 341 3206 τὸ
370 3154 659 3223 δυνηθῆναι
690 3152 832 3219 ὑμᾶς
871 3137 1211 3215 ὑπενεγκεῖν,
1233 3146 1308 3209 ὡς
1336 3148 1384 3198 el
1410 3146 1616 3213 ἔλεγεν.
1651 3145 1746 3206 Ὃς

171 3246 389 3311 ποιήσει
422 3244 696 3312 συντόμως
722 3242 847 3302 τοὺς
871 3240 1209 3308 πειρασμοὺς
1238 3237 1413 3308 πέρας
1439 3238 1637 3299 λαδεῖνν
1656 3236 1743 3289 διὰ

172 3338 226 3386 τὸ
256 3335 552 3405 δυνηῢῆναι
594 3337 730 3403 Qui,
760 3334 1101 3399 ὑπενεγκεῖν.

244 3621 479 3684 Διόπερ,
510 3616 807 3685 ἀγαπητοί
849 3633 991 3682 μου,
1017 3616 1267 3683 φεύγετε
1299 3613 1418 3667 ἀπὸ
1445 3612 1555 3680 τῆς
1582 3617 1746 3667 εἰδω-

171 3711 550 3777 λολατρείας.
593 3709 689 3771 Ὡς
732 3708 1040 3775 φρονίμοις
1087 3708 1264 3775 λέγω,
1292 3708 1530 3773 κρίνατε
1582 3708 1749 3775 ὑμεῖς

174 3805 205 3856 ὅ
229 3821 402 3871 φημι.
440 3799 517 3854 Τὸ
548 3799 835 3868 ποτήριον
863 3799 968 3867 τῆς
999 3802 1278 3869 εὐλογίας
1303 3800 1333 3850 ὂ
1356 3800 1746 3867 εὐλογοῦμεν,

173 3896 313 3961 οὐχὶ
366 3894 648 3947 κοινωνία
688 3891 795 3945 τοῦ
830 3893 1077 3960 αἵματος
1136 3891 1242 3944 τοῦ
1274 3890 1531 3958 Χριστοῦ
1570 3892 1699 3945 ἐστι
1732 3910 1749 3956 ;

173 3989 281 4039 τάν
308 3986 492 4053 ἄρτον
535 3984 610 4037 ὃν
649 3982 906 4052 κλῶμεν,
934 3983 1070 4051 οὐχί
1097 3984 1387 4036 κωινωνία
1419 3984 1523 4037 τοῦ
1565 3988 1753 4051 σώμα-

174 4101 277 4148 τος
304 4082 409 4134 τοῦ
443 4080 701 4147 Χριστοῦ
739 4080 950 4143 ἐστινς
980 4078 1069 4131 ὅτι
1130 4074 1214 4144 εἷς
1251 4077 1451 4145 ἄρτος,
1484 4077 1555 4131 ἐν
1582 4078 1755 4147 σῶμα

175 4181 225 4227 οἱ
257 4176 481 4227 πολ.ῖοί
503 4175 709 4241 ἐσμεν.
740 4176 804 4225 Ol
829 4172 940 4240 γὰρ
962 4172 1180 4235 πάντες
1202 4173 1268 4223 ἐκ
1292 4172 1396 4225 τοῦ
1418 4172 1551 4237 ἐνὸς
1573 4173 1753 4240 ἄρτου

170 4266 522 4335 μετέχομεν.
591 4264 853 4316 Βλέπετε
898 4263 1006 4314 τὸν
1037 4261 1285 4328 Ἰσραὴλ
1330 4263 1479 4314 κατὰ
1537 4263 1750 4330 σάρκα.

180 4358 327 4423 Οὐχὶ
365 4357 417 4407 ot
454 4354 764 4418 ἐσθίοντες
797 4354 901 4417 τὰς
930 4354 1147 4415 θυσίας
1201 4359 1473 4405 κοινωνοὶ
1504 4353 1612 4405 τοῦ
1656 4358 1755 4406 θυ-

178 4448 540 4513 σιαστηρίου
565 4448 681 4497 είσι
712 4461 730 4507 ς

247 4557 557 4625 Θεραπεύει
608 4556 792 4607 λοιπὸν
826 4556 1043 4620 αὐτοὺς,
1078 4555 1248 4608 πολλά
1288 4554 1469 4608 αὐτῶν
1506 4558 1748 4626 καθαψά-
1792 4556 1832 4608 Ι)

184 4666 366 4719 μενος.
399 4649 541 4716 Ὅρα
570 4648 647 4709 δὲ,
688 4648 786 4698 οὐκ
825 4646 903 4697 ἑτι
930 4647 1016 4698 διὰ
1051 4646 1219 4717 μόνην
1262 4646 1359 4715 τὴν
1406 4647 1607 4716 βλάὃην
1646 4649 1753 4701 τῶν

182 4739 588 4805 ἀσθενεστέρων
639 4734 883 4801 ἀδελφῶν
934 4733 1133 4786 κωλύει
1192 4735 1392 4797 αὑτοὺς
1430 4735 1631 4788 ἐσθίειν
1686 4739 1756 4789 τά

182 4827 533 4889 εἰδωλόθυτα,
590 4827 725 4879 ἀλλά
774 4827 869 4879 καὶ
919 4806 1226 4879 αὺτδ’καθ’
1252 4828 1413 4879 ἑαυτὸ
1455 4833 1515 4880 τδ
1556 4828 1758 4881 ἐσθίειν

182 4920 483 4982 διαϐάλλει,
523 4918 968 4989 είδωλολατρείαν
1015 4918 1076 4969 τὸ
1096 4919 1324 4988 πρᾶγπα
1356 4919 1557 4972 καλῶν.
1600 4938 1619 4970 ι
1669 4918 1760 4983 Ὣς

185 5013 471 5084 φρονίμοις
514 5010 675 5077 λέγω.
707 5029 725 5062 ι
771 5010 991 5079 Ἐπειδὴ
1021 5010 1181 5079 ἐξῆρε
1220 5010 1282 5063 τὸ
1306 5012 1509 5063 ἐσθίειν
1547 5012 1763 5065 εἰδωλό-

186 5105 342 5165 Θύτα,
372 5104 825 5173 εἰδωλολατρεῖαν
854 5102 914 5155 τὸ
930 5103 1164 5172 πρᾶγμα
1186 5105 1523 5174 προσειπὼν,
1553 5108 1647 5158 καὶ
1674 5105 1764 5158 διὰ

187 5199 342 5250 τοῦτο
369 5196 651 5266 καθήψατο
696 5196 896 5257 αὐτῶν,
930 5195 1114 5248 λοιπὸν
1142 5200 1399 5267 πειρᾶται
1429 5196 1763 5265 Θεραπεῦσαι

187 5292 241 5340 τὸ
284 5289 461 5359 τραχὺ
514 5289 607 5340 τοῦ
667 5288 848 5352 λόγου,
886 5289 977 5341 καί
1011 5304 1212 5358 φησιν’
1245 5290 1454 5357 Ὑμεῖς,
1507 5290 1762 5358 φρόνιμοι

189 5380 359 5442 ὄντες,
422 5380 646 5449 κρίνατε
680 5381 740 5432 τὸ
791 5380 1042 5449 πρᾶγμα,
1098 5379 1192 5433 καὶ
1226 5379 1376 5450 ἔχετε
1425 5381 1603 5450 εὑρεῖν
1633 5381 1765 5433 αὑτὸ

193 5473 657 5541 εἰδωλολατρείαν.
702 5472 873 5523 Τοῦτο
912 5472 968 5523 δὲ
997 5472 1166 5524 ποιῶν
1227 5472 1324 5525 καὶ
1391 5473 1589 5533 αὑτοὺς
1636 5473 1764 5535 τοὺς

196 5564 527 5625 ὑπευθύνους
574 5562 819 5615 καθίστει
864 5562 1143 5628 δικαστὰς,
1190 5563 1401 5627 δεικνὺς
1434 5564 1516 5617 ὅτι
1562 5564 1764 5634 σφόδρα

296 5784 342 5813 ’⁸
376 5782 577 5836 Matth.
617 5798 693 5845 si,
716 5781 806 5837 9.8.

1846 1978 1943 2031 pra
2000 1963 2052 2017 id
2095 1964 2240 2032 quod
2283 1963 2536 2032 potestis.
2582 1982 2599 2014 ι
2660 1961 3059 2027 l‘ariformiter,
3107 1961 3306 2032 inquit,
3361 1961 3428 2015 ad

1848 2061 2083 2107 vestram
2128 2056 2425 2121 potentiam
2471 2055 2736 2124 permittit
2764 2055 2878 2107 fieri
2910 2055 3293 2108 tentationem.
3323 2054 3432 2108 Aut

1846 2143 2070 2211 potius:
2105 2142 2324 2208 Quaavis
2371 2145 2600 2198 tentatio
2635 2157 2733 2197 vos
2792 2151 3079 2207 everteret,
3112 2142 3275 2215 515
3318 2142 3427 2197 nisi

1843 2232 2096 2287 Christus
2128 2233 2509 2292 auxiliaretur.
2569 2253 2586 2285 ι
2622 2233 2725 2288 Sed
2756 2234 2918 2289 faciet
2955 2235 3119 2290 simul
3150 2251 3273 2290 cum
3305 2246 3429 2289 ten-

1847 2328 2072 2380 tatione.
2113 2345 2130 2374 ›
2169 2358 2233 2366 -
2281 2326 2574 2395 Dupliciter
2621 2328 2723 2381 hoc
2779 2336 2957 2397 potest
3016 2329 3266 2398 intelligi.
3322 2330 3431 2382 Aut

1847 2416 1992 2486 quod
2061 2420 2419 2474 tentationcm
2501 2420 2820 2488 permitlens
2893 2421 3173 2485 advenire,
3242 2423 3426 2475 statim

1845 2524 2063 2576 quoque
2112 2510 2283 2577 ipsam
2328 2512 2558 2580 dissipat
2608 2527 2671 2564 ac
2722 2512 2963 2575 cohibet,
3013 2522 3070 2566 ut
3121 2514 3285 2567 etiam
3331 2529 3429 2568 vos

1849 2601 2072 2669 possitis
2100 2602 2273 2670 ipsum
2311 2602 2473 2665 ferre,
2510 2618 2578 2658 eo
2604 2605 2749 2671 quod
2788 2619 2956 2672 parvo
2993 2614 3233 2676 tempore
3261 2607 3429 2660 mole-

1848 2700 1929 2743 sta
1966 2694 2037 2745 sit
2078 2694 2253 2748 vobis.
2285 2696 2393 2748 Aut
2424 2696 2566 2763 quod
2600 2696 2763 2749 simul
2787 2713 2913 2751 cum
2942 2699 3241 2752 tentatione
3266 2697 3430 2752 faciet

1846 2782 2011 2835 etiam
2042 2794 2295 2837 eventum
2324 2794 2446 2854 post
2474 2787 2939 2856 longanimitatein
2968 2795 3023 2842 et
3049 2789 3387 2843 tolerantiam
3411 2811 3423 2844 :

1852 2876 1952 2926 hoc
1993 2884 2097 2939 est,
2151 2875 2313 2928 faciet
2341 2892 2440 2931 vos
2482 2881 2731 2946 protinus
2774 2881 3071 2934 tolerantes
3110 2896 3175 2936 ac
3200 2883 3428 2936 idoneos

1850 2966 1915 3019 ad
1947 2968 2351 3031 sustinendum,
2382 2980 2439 3021 ut
2481 2986 2545 3023 ex
2587 2972 2889 3025 tentatione
2921 2973 3055 3026 nihil
3085 2974 3239 3028 vobis
3273 2989 3429 3028 acce-

1850 3054 1945 3107 dat
1992 3062 2328 3120 nocuinenti,
2379 3061 2472 3112 sed
2529 3062 2703 3129 magis
2738 3060 2876 3114 lucri
2911 3063 3203 3131 plurimum
3239 3078 3429 3118 accre-

1852 3159 1991 3201 seat.
2030 3168 2049 3199 ι
2085 3149 2257 3202 Etiam
2286 3160 2564 3205 eventum.
2600 3171 2617 3202 ι
2654 3154 2914 3206 Eveniunt
2945 3155 3076 3207 dicit
3110 3156 3431 3224 completio-

1850 3252 1971 3291 nem
2033 3254 2096 3292 ac
2158 3245 2522 3295 cessationem
2582 3259 2678 3297 seu
2737 3245 3167 3311 cohibitionem,
3219 3257 3278 3300 ut
3334 3262 3431 3300 vos

1851 3341 2101 3396 petentes
2142 3332 2260 3385 sitis
2313 3332 2381 3385 ad
2434 3333 2832 3397 saliere-dum,
2882 3351 2946 3389 ac
2988 3336 3035 3391 si
3065 3336 3435 3403 diceret:Qni

1853 3418 2013 3475 faciet
2044 3425 2372 3478 tentationcs
2407 3427 2655 3494 accipere
2691 3429 2835 3480 brevi
2870 3427 3189 3491 terminum,
3219 3438 3279 3480 ut
3302 3443 3431 3498 pos-

1852 3512 1971 3566 sitis
2008 3516 2304 3569 sustinere.

1922 3625 1989 3688 Χ,
2036 3626 2221 3680 14-18.
2269 3629 2623 3695 Ωιιαννονιεν,
2667 3630 2850 3683 dilecti
2881 3633 3002 3693 mei,
3038 3632 3205 3701 fugite
3233 3634 3431 3686 cultum

1851 3717 2135 3772 idolorum.
2172 3716 2238 3769 Ut
2279 3720 2624 3786 prudentibus
2656 3721 2839 3790 loquor
2868 3741 2878 3773 :
2911 3723 3150 3790 judicate
3172 3742 3259 3778 vos
3294 3726 3433 3795 quod

1852 3808 1991 3861 dico.
2070 3810 2332 3863 Porulum
2413 3813 2789 3866 benedictionis
2854 3814 2994 3881 quod
3056 3815 3433 3881 benedicimus,

1855 3916 2026 3954 nonne
2069 3904 2478 3956 communicatio
2533 3906 2809 3971 sanguinis
2857 3904 3055 3960 Christi
3095 3911 3220 3962 est?
3266 3906 3434 3961 Panis

1855 4005 2009 4059 quem
2042 3990 2356 4059 frangimus,
2390 4010 2558 4046 nonne
2590 3997 3003 4048 communicatio
3024 3997 3257 4063 corporis
3284 3995 3436 4053 Chri-

1855 4083 1924 4134 sti
1969 4084 2088 4135 est?
2127 4082 2385 4146 Quoniam
2433 4102 2570 4138 unus
2621 4088 2799 4154 panis,
2830 4103 2991 4139 unum
3035 4103 3222 4155 corpus
3278 4088 3435 4141 inuiti

1857 4187 2058 4225 sumus.
2097 4171 2240 4224 Nam
2284 4190 2458 4227 omnes
2499 4193 2563 4228 ea:
2592 4193 2695 4228 uno
2727 4194 2860 4242 pane
2903 4180 3309 4247 participamm.
3349 4180 3437 4234 Vi-

1858 4265 1974 4319 dete
2014 4265 2360 4334 Israeljuxta
2405 4285 2637 4320 carnem.
2666 4268 2809 4320 Num
2856 4272 2947 4338 qui
2975 4272 3133 4325 edunt
3168 4273 3432 4338 victimas,

1857 4358 2137 4425 participes
2169 4368 2288 4409 sunt
2326 4360 2553 4410 nitaris?

1937 4557 2086 4625 Ipsiis
2134 4558 2475 4625 postmodum
2506 4558 2758 4622 honorat,
2814 4570 3100 4629 postquam
3151 4561 3204 4614 in
3248 4561 3438 4616 multis

1863 4664 1959 4703 eos
1988 4650 2315 4716 objurgavit.
2353 4648 2487 4702 Vide
2524 4659 2731 4713 autem,
2778 4651 2889 4718 jam
2946 4668 3052 4704 non
3096 4660 3320 4721 propter
3352 4666 3443 4705 so-

1866 4742 1978 4793 lum
2008 4741 2267 4793 damnum
2321 4739 2554 4794 fratrum
2593 4742 3013 4797 imbecilliorum
3052 4744 3301 4813 prohibet
3343 4757 3440 4797 eos

1865 4836 2023 4887 edere
2055 4834 2375 4902 idolotliyta,
2417 4848 2599 4887 verum
2645 4835 2809 4888 etiam
2849 4835 3024 4903 ipsam
3073 4837 3125 4888 in
3173 4850 3233 4890 se
3277 4834 3439 4888 edere

1866 4926 2155 4994 vituperat,
2187 4939 2299 4977 rem
2333 4926 2504 4993 ipsam
2536 4938 2735 4978 vocans
2768 4925 3182 4978 idololatriama
3208 4927 3273 4980 Ut
3309 4942 3443 4993 ιιι-υ·

1869 5016 2121 5071 dentibus
2170 5016 2386 5083 loquor.
2430 5034 2445 5065 ι
2500 5014 2771 5079 Quoniam
2819 5016 3244 5086 idolotliytorum
3284 5032 3438 5071 esum

1869 5108 2119 5163 abstulit.
2153 5108 2514 5160 idololatriam
2548 5106 2826 5174 appellans
2852 5124 2959 5159 rem
2990 5107 3195 5176 ipsam,
3221 5116 3274 5162 et
3314 5123 3441 5176 pro-

1869 5206 2051 5267 pterea
2110 5198 2258 5264 ipsos
2296 5196 2643 5266 objurgavit:
2696 5199 2892 5250 nititur
2929 5198 3186 5266 deinceps
3240 5211 3442 5252 curare

1870 5290 2142 5343 sermonis
2173 5289 2557 5358 asperitatem;
2590 5295 2643 5343 et
2671 5288 2743 5341 ait
2776 5304 2791 5343 :
2825 5288 2933 5343 V'os
2962 5289 3255 5356 prudentes
3284 5288 3438 5353 estis,

1867 5381 2109 5449 judicate
2159 5395 2268 5433 rem
2322 5381 2521 5447 ipsam,
2572 5387 2627 5434 et
2674 5380 2919 5433 invenire
2961 5380 3209 5447 poteritis
3268 5380 3439 5447 ipsam

1870 5487 1992 5526 esse
2042 5471 2431 5525 idololatriam.
2475 5471 2589 5525 Hoc
2626 5484 2809 5525 autem
2864 5470 3092 5531 faciens.
3134 5486 3231 5525 eos
3276 5472 3441 5524 etiam

1870 5561 1964 5629 qui
2005 5562 2081 5614 rei
2135 5567 2283 5621 sunt,
2333 5558 2547 5627 judices
2596 5560 2923 5615 constituit:
2962 5559 3255 5614 ostendens
3294 5555 3443 5627 quod
