4204 6464
146 408 256 471 789

1109 419 1495 481 COMMENT.
1541 422 1615 479 ΙΝ
1650 422 1882 483 El'ISI‘.
1924 428 1945 483 l
1979 428 2077 485 AD
2109 428 2471 487 CURlNTl‘I.

3312 428 3425 490 790

152 520 309 589 ὑμῶν
353 520 451 590 τὴν
501 523 830 590 συνείδησιν.
877 542 895 575 ι
941 525 1065 579 Ἐὰν
1112 528 1169 579 δέ
1219 546 1301 592 τις
1356 531 1482 599 ὑμῖν
1527 531 1677 603 εἴπῃ.
1717 550 1733 581 ι

1847 533 1968 600 quis
2006 546 2184 586 :nuem
2206 535 2359 589 vobis
2378 535 2597 589 dixerit.
2632 553 2646 581 ι
2678 533 2857 600 Quare
2896 537 3001 604 iam
3040 550 3150 590 non
3173 533 3423 591 edemus?

152 614 271 666 Ἵνα
308 614 363 666 τί
393 615 591 683 μηκέτι
640 616 923 685 ὲσθίομενς
962 619 1054 671 καί
1098 636 1298 689 φησιν·
1358 620 1597 691 Ἀληθῶς
1635 623 1732 691 μὲν

148 708 334 758 πάντα
377 707 470 759 τοῦ
502 707 708 777 Κυρίου
756 710 925 773 ἐστιν,
957 710 1033 772 ὼς
1084 713 1178 765 καὶ
1212 712 1352 783 αὐτὴ
1400 715 1431 781 ἠ
1476 716 1545 782 γῆ
1580 714 1636 779 ἐξ
1668 710 1733 784 ἧς

146 796 399 849 ἐκϐαίνει
451 796 663 850 ταῦτα·
713 799 827 852 ἀλλ’
872 801 966 852 ἐὰν
1018 802 1251 871 φάγητε,
1295 805 1391 871 τὴν
1428 805 1733 870 συνείδησιν

146 890 242 941 τοῦ
301 891 641 960 μηνύσαντος
682 892 970 961 βλάπτετε.
1023 895 1554 966 Σκανδαλισθήσεται
1604 898 1731 966 γὰρ,

145 984 199 1033 τί
230 984 434 1050 δήπετε
480 984 836 1047 ἀκούσαντες,
867 987 966 1039 οὐκ
1000 987 1276 1056 ἀπέχεσθε
1302 1021 1369 1029 -
1402 988 1735 1060 [ΘΕΟΔΩΡ.]

147 1073 325 1125 Τοῦτο
378 1075 433 1127 δὲ
486 1076 666 1143 λέγει,
721 1076 1055 1147 φοὸούμενος
1110 1082 1274 1150 μήπω
1319 1082 1614 1150 νομίσωσιν
1661 1082 1738 1144 ὡς

152 1168 313 1235 ἰσχὺν
346 1167 454 1220 τῶν
500 1168 734 1221 εἰδώλων
765 1171 996 1239 ἐχόντων
1046 1172 1294 1238 γίνεσθαι
1342 1174 1439 1233 τὴν
1478 1173 1733 1228 κώλυσιν.

154 1278 172 1307 ι
206 1260 316 1310 Τοῦ
348 1261 455 1329 γὰρ
484 1262 689 1331 Κυρίου
724 1264 757 1330 ἡ
787 1264 879 1332 γῆ.
906 1282 923 1312 ι
963 1264 1033 1314 Σὺ
1066 1266 1162 1333 μὲν
1208 1266 1316 1335 γὰρ
1361 1262 1507 1327 οἶδας
1532 1267 1612 1318 ὅτι
1642 1266 1736 1319 τοῦ

148 1346 366 1414 Κυρίου
413 1350 443 1416 ή
487 1348 559 1414 γῆ
613 1351 707 1401 καὶ
750 1351 809 1402 τὸ
843 1351 1115 1422 πλήρωμα
1148 1355 1340 1424 αὐτῆς,
1374 1356 1469 1407 καὶ
1496 1356 1594 1425 τῆς
1629 1356 1737 1407 τῶν

149 1433 396 1487 εἰδώλων
458 1436 742 1503 ἀσθενείας
799 1447 1180 1512 καταφρονεῖς.
1252 1446 1491 1509 Ἐκεῖνος
1548 1446 1605 1499 δὲ
1672 1450 1736 1517 τῇ

152 1524 336 1598 πλάνῃ
386 1528 800 1598 δεδουλωμένος,
848 1532 1053 1604 βλάϐην
1108 1536 1363 1589 ἐντεῦθεν
1406 1539 1737 1609 καρποῦται,

152 1618 527 1671 εἰδωλοθύτων
587 1639 645 1673 σε
686 1622 863 1690 κρεῶν
918 1626 1361 1695 μεταλαμϐάνειν
1412 1629 1738 1699 ἡγούμενος.

151 1709 332 1761 Τοῦτο
356 1711 465 1779 γὰρ
486 1711 726 1765 διδάσκει
760 1717 829 1766 τὰ
862 1714 1007 1786 ἑξῆς.
1037 1717 1151 1770 Ἵνα
1178 1719 1230 1770 τί
1264 1720 1427 1792 γὰρὴ
1457 1723 1738 1794 ἐλευθερία

156 1820 262 1869 μου
317 1804 561 1874 κρίνεται
606 1806 711 1858 ὑπὸ
753 1807 917 1878 ἄλλης
972 1813 1371 1881 συνειδήσεως;

152 1895 340 1945 καλῶν
374 1898 474 1965 τὴν
512 1898 679 1966 χάριν
721 1899 820 1968 τῆς
855 1902 1115 1966 πίστεως.
1151 1905 1213 1957 Ei
1252 1905 1361 1971 ἐγὼ
1395 1908 1579 1977 χάριτι
1616 1925 1743 1976 μετ-

151 1986 298 2051 έεω,
350 1991 402 2037 τί
457 1986 887 2058 βλασφημοῦμαι
947 1993 1087 2062 ὑπὲρ
1124 1988 1185 2046 οὗ
1233 1995 1343 2062 ἐγὼ
1390 1996 1741 2067 εὐχαριστὼς

152 2080 266 2146 υᾷχ
314 2079 481 2141 ὅσιον,
520 2079 705 2145 φησιν,
742 2080 899 2134 ἄλλον
933 2083 1208 2137 λωϐᾶσθαι
1236 2086 1322 2139 διὰ
1354 2088 1450 2156 τὴν
1484 2088 1623 2158 ἐμὴν
1656 2107 1741 2141 τε-

151 2167 429 2238 λειότητα.

228 2259 492 2322 Ἄλλως.
780 2262 997 2332 Ἐπειδὴ
1032 2264 1289 2335 ἀνωτέρω
1319 2267 1405 2319 ὅτε
1441 2269 1508 2322 τὰ
1547 2272 1603 2321 ὲν
1636 2289 1740 2339 μα-

155 2351 333 2420 κέλλῳ
394 2353 718 2423 πωλοῦμενα
756 2356 853 2408 οὐκ
900 2356 1138 2411 ἐκώλυεν
1188 2359 1411 2421 ἐσθίειν,
1468 2363 1738 2431 ἐπή·ιάἶ’ῖ’

159 2463 176 2488 ο
208 2444 317 2495 Τοῦ
352 2445 559 2515 Κυρίου
590 2448 621 2514 η
654 2451 723 2516 γῆ
767 2449 860 2500 καὶ
901 2450 962 2501 τὸ
996 2451 1270 2521 πλήρωμα
1293 2454 1514 2523 αὐτῆς»
1553 2458 1739 2510 τουτέ-

154 2552 264 2597 στι,
297 2534 366 2586 τὰ
425 2538 482 2588 ἐν
518 2538 654 2607 αὐτῇ
702 2540 902 2595 πάντα.
950 2541 1135 2594 Ταῦτα
1180 2544 1290 2612 γάρ
1338 2547 1444 2597 εἰσι
1484 2548 1550 2599 τὰ
1606 2548 1742 2616 πλη-

157 2626 360 2694 ροῦντα
392 2628 586 2697 αὐτὴν,
620 2632 827 2703 καρποίζ
858 2632 950 2685 καὶ
986 2633 1120 2698 ζῶα,
1153 2636 1248 2687 καὶ
1281 2637 1349 2687 τα
1394 2638 1574 2706 ὅμοια.
1607 2636 1740 2693 Εἶτα

155 2721 367 2787 προῖὼν
398 2720 571 2787 λέγει.
605 2742 623 2775 ι
669 2724 792 2776 Ἐὰν
813 2726 869 2777 δέ
888 2744 970 2789 τις
988 2729 1115 2792 ὑμῖν
1147 2728 1275 2801 εἴπῃ
1292 2731 1373 2783 ὅτι
1393 2732 1740 2786 εἰδωλόθυτόν

154 2810 295 2871 ἐστι,
338 2812 413 2880 μὴ
442 2813 706 2873 ἐσθίετε.»
751 2816 839 2868 ἵνα
866 2818 938 2886 μή
967 2835 1047 2880 τις
1070 2820 1198 2890 εἴπῃ
1223 2838 1236 2851 ο
1266 2823 1329 2874 Τί
1352 2818 1479 2885 οὗνς
1514 2822 1608 2876 νῦν
1641 2825 1740 2878 οὐκ

154 2900 302 2952 ἔστιν
356 2904 388 2971 ἡ
421 2904 490 2972 γῆ
522 2904 614 2956 τοῦ
649 2906 856 2974 Κυρίου
906 2909 1001 2961 καὶ
1051 2910 1118 2962 τὰ
1165 2914 1221 2962 ἐν
1256 2913 1429 2982 αὐτῇ;
1479 2914 1620 2965 Ἀλλ’
1652 2918 1740 2967 ὅτε

160 2994 260 3059 μὲν
312 2994 415 3046 οὐκ
446 2995 686 3059 ὲκώλυες
716 2998 919 3051 ἐσθίειν
939 3000 1033 3052 τοῦ
1065 3003 1268 3072 Κυρίου
1300 2999 1389 3074 ἦν,
1425 3005 1517 3058 νῦν
1549 3007 1603 3057 δὲ
1641 3007 1741 3059 οὐκ

156 3086 341 3150 ἒστινς
413 3088 501 3139 iv:
535 3089 608 3159 μὴ
635 3087 726 3142 οὗν
764 3090 838 3160 μὴ
875 3093 968 3161 ἐξῇ
1000 3094 1156 3146 τοῦτο
1184 3096 1363 3162 λέγειν
1413 3098 1540 3163 τινὶ,
1579 3099 1744 3151 πάλιν

1424 1815 1740 1886 ἐλευθερίαν
1775 1845 1813 1896 Β

1837 634 1889 677 ει
1921 626 1994 677 ait
2024 641 2035 675 :
2082 624 2218 678 Vere
2264 628 2482 688 quidem
2513 627 2696 681 ιιιιιιιίιι
2730 624 2943 680 Domini
2994 637 3144 691 sunt,
3199 626 3340 681 sicut
3368 639 3426 681 et

1839 716 1956 782 ipsa
1978 723 2122 767 terra
2158 731 2225 769 ex
2246 731 2353 785 qua
2377 717 2487 770 lucc
2511 718 2780 786 prodeunt
2818 734 2829 770 :
2874 732 3061 771 verum
3095 718 3139 773 si
3162 717 3417 781 .ederitis,

1837 805 2189 859 conscientia:
2233 806 2354 874 ejus
2409 807 2499 874 qui
2540 811 2815 878 suggessit
2852 818 3183 862 nocumcnto
3228 808 3367 862 estis
3407 824 3421 861 :

1837 897 2223 952 offendiculqu
2258 900 2401 953 enim
2429 899 2685 969 patietur,
2718 903 2967 971 cogitans
2997 916 3160 970 quam
3202 903 3421 955 tandem

1840 991 1907 1041 oh
1939 1007 2187 1053 causam,
2218 1007 2343 1046 cum
2378 993 2480 1045 hoc
2537 993 2844 1057 audieritis,
2904 1010 3014 1047 non
3077 992 3424 1047 abstineatis.

1841 1112 1907 1120 —-
1934 1081 2045 1135 Hoc
2080 1094 2261 1137 autem
2292 1085 2447 1147 dicit,
2484 1085 2695 1138 veritus
2728 1100 2795 1137 ne
2829 1100 2937 1152 quo
2961 1085 3121 1139 modo
3138 1083 3427 1137 existima-

1842 1190 1883 1224 l't
1905 1180 1961 1223 nt
1986 1172 2187 1225 idcirco
2230 1173 2344 1227 fieri
2378 1173 2804 1243 prohibitionem
2839 1175 2995 1242 quasi
3023 1174 3163 1227 idola
3187 1173 3293 1225 vim
3324 1174 3424 1226 ali-

1839 1276 2003 1330 quam
2046 1262 2330 1317 haberent.
2369 1282 2387 1314 ι
2421 1264 2637 1319 Domini
2698 1265 2970 1334 siquidem
3027 1272 3112 1318 est
3167 1274 3334 1317 terra.
3404 1284 3421 1311 ι

1841 1353 2053 1406 Ειςιιὶιιι
2089 1360 2144 1406 tn
2169 1354 2313 1408 nosti
2339 1353 2485 1423 quod
2520 1354 2731 1407 Domini
2766 1356 2838 1409 sit
2869 1365 3014 1409 terra
3039 1353 3203 1424 519
3241 1363 3292 1407 et
3317 1355 3425 1422 ple-

1842 1446 2032 1499 hitudo
2088 1447 2229 1515 ejus,
2288 1455 2339 1501 et
2389 1448 2670 1501 idotorum
2710 1449 3016 1501 contemnis
3082 1446 3423 1499 imbecillita-

1845 1541 1950 1583 tmn
1987 1544 2083 1586 :at
2131 1535 2221 1587 ille
2262 1550 2448 1589 errore
2506 1537 2788 1605 deceptus,
2853 1545 3246 1589 nocmnentum
3302 1535 3429 1588 inde

1843 1622 2073 1690 Colligit,
2109 1633 2308 1693 putans
2359 1637 2409 1679 te
2442 1627 2555 1679 fieri
2604 1628 2924 1696 participem
2974 1629 3219 1681 carnium
3269 1627 3429 1682 idolis

1843 1712 2272 1767 immolatarum.
2326 1713 2459 1769 Nam
2481 1714 2583 1768 hoc
2609 1715 2807 1769 docent
2839 1734 2899 1769 ea
2927 1732 3048 1786 quae
3082 1725 3425 1784 sequuntur:

1842 1804 2020 1869 Quare
2041 1806 2185 1858 enim
2211 1806 2437 1861 libertas
2470 1822 2584 1861 mea
2616 1807 2900 1875 judicatur
2921 1809 2988 1861 ab
3017 1808 3121 1861 alia
3139 1808 3429 1863 conscien-

1846 1897 1916 1949 tia
1947 1898 1970 1948 Ὺ
2000 1898 2303 1950 libertatem
2334 1910 2537 1952 vocans
2582 1899 2703 1952 fidei
2729 1899 2984 1970 gratiam.
3043 1899 3099 1953 Si
3148 1916 3248 1970 ego
3302 1916 3425 1953 cum

1848 1987 2022 2054 gratia
2046 1986 2337 2056 participo,
2374 1988 2587 2056 utquid
2629 1990 2959 2042 calumniam
2994 1991 3239 2043 sustineo
3271 1991 3334 2043 de
3363 2003 3429 2043 eo

1852 2096 1948 2148 pro
1979 2095 2085 2147 quo
2118 2080 2322 2149 gratias
2375 2082 2518 2150 ago?
2550 2078 2666 2134 Non
2697 2091 2799 2142 est,
2856 2081 3032 2149 inquit
3060 2122 3074 2145 ,
3130 2090 3378 2135 sanctum
3413 2119 3425 2135 .

1850 2172 2016 2223 aiium
2081 2171 2381 2240 depravare
2407 2180 2629 2240 propter
2666 2187 2840 2225 meam
2879 2173 3284 2239 perfectionem.

1920 2263 2036 2315 Alio
2086 2265 2260 2317 modo.
2308 2262 2577 2328 Quoniam
2621 2264 2873 2333 superius
2930 2281 3056 2317 cuiu
3113 2280 3174 2317 ea
3210 2279 3330 2331 quae
3371 2265 3425 2317 in

1851 2356 2079 2409 macello
2104 2354 2477 2408 venderentur
2508 2354 2670 2408 edere
2708 2356 3081 2424 permittebat,
3114 2356 3424 2423 subjunxit:

1853 2468 1869 2498 ι
1917 2447 2128 2500 Domini
2158 2456 2240 2500 est
2294 2458 2438 2501 terra
2503 2455 2557 2500 et
2597 2448 2880 2516 plenitudo
2915 2447 3059 2516 ejus,
3095 2467 3113 2499 ι
3157 2449 3259 2502 hoc
3301 2454 3424 2507 est.

1849 2540 2104 2593 universa
2123 2554 2242 2606 quae
2271 2539 2324 2593 in
2360 2554 2421 2594 ea
2453 2547 2581 2595 sunt
2611 2558 2622 2593 :
2650 2554 2774 2592 nam
2805 2541 2916 2593 haec
2948 2549 3076 2593 sunt
3101 2556 3219 2610 quae
3252 2541 3427 2609 ipsam

1848 2630 2097 2698 implent,
2130 2628 2341 2683 fruetus
2372 2645 2565 2700 nempe
2623 2639 2676 2683 et
2732 2630 3025 2685 animalia.
3085 2646 3149 2684 ac
3200 2632 3425 2685 similia.

1852 2719 2054 2774 Deinde
2101 2721 2153 2773 in
2188 2735 2484 2789 progressu
2515 2719 2648 2773 dicit
2679 2739 2692 2773 :
2735 2739 2753 2770 ‹
2795 2717 2851 2773 Si
2879 2721 3006 2789 quis
3051 2730 3232 2774 autem
3265 2720 3422 2774 vobis

1848 2812 2048 2865 dixerit
2080 2812 2604 2881 idolothytumesse,
2651 2826 2718 2863 ne
2744 2811 2974 2875 edatis,»
3029 2821 3087 2864 ut
3122 2828 3228 2864 ιιοιι
3282 2811 3429 2865 dicat

1848 2905 2087 2975 aliquis:
2141 2905 2283 2969 Quid
2314 2904 2491 2972 ergo?
2520 2919 2665 2956 nunc
2700 2902 2914 2956 Domini
2944 2913 3155 2958 nonest
3180 2913 3324 2957 terra
3373 2912 3428 2958 et

1849 3012 1968 3064 qum
2003 2999 2055 3049 in
2086 3012 2148 3050 ea
2177 2997 2341 3051 sunt?
2372 3000 2437 3048 At
2466 2997 2686 3065 quando
2720 2996 3076 3064 permittebas
3106 2995 3290 3060 edere,
3323 2995 3428 3048 Do-

1852 3088 1989 3141 mini
2022 3098 2156 3152 erat,
2198 3104 2342 3142 nunc
2378 3098 2559 3141 autem
2600 3104 2709 3141 non
2734 3088 2857 3141 est?
2895 3087 2971 3141 Ne
3008 3088 3061 3141 id
3107 3103 3239 3156 ergo
3271 3089 3429 3141 liceat

157 3180 341 3247 τίθησι
371 3181 431 3232 τὸ
465 3181 596 3233 αὐτὸ
640 3185 730 3234 καί
760 3200 915 3252 φησιο
956 3185 1065 3237 Τοῦ
1096 3187 1304 3257 Κυρίου
1350 3190 1447 3257 μὲν
1480 3192 1511 3257 ἡ
1549 3190 1619 3258 γῆ
1652 3192 1743 3243 καὶ

1855 3183 2112 3249 cuiquam
2164 3181 2369 3243 dicere,
2406 3181 2547 3233 idem
2603 3196 2824 3234 rursum
2866 3182 3038 3250 ponit,
3067 3191 3119 3234 et
3162 3182 3281 3234 ait:
3323 3181 3427 3236 D0—

157 3269 226 3319 τὰ
256 3272 312 3320 ἐν
339 3270 503 3338 αὐτῇ,
535 3271 671 3340 ὅπερ
707 3271 1014 3341 ἔμπροσθεν
1047 3270 1221 3339 εἶπον,
1248 3277 1383 3329 ἀλλὰ
1410 3278 1496 3330 διὰ
1520 3280 1609 3330 τὸν
1639 3297 1736 3347 μη-

160 3360 401 3413 νύσαντα
434 3362 527 3412 καὶ
560 3363 656 3429 τὴν
691 3365 993 3435 συνείδησιν
1025 3367 1213 3431 αὐτοῦ,
1241 3369 1300 3419 οὐ
1332 3369 1413 3422 δεῖ
1442 3370 1741 3436 γεύσασθαι

159 3450 389 3501 ἐκείνων
443 3450 549 3502 τῶν
581 3452 967 3509 εἰδωλοθύτων.
1003 3457 1062 3508 El
1100 3457 1209 3526 γὰρ
1246 3457 1339 3509 τοῦ
1369 3459 1572 3528 Κυρίου
1604 3462 1635 3529 ἡ
1671 3460 1742 3527 γῆ

162 3539 256 3593 καὶ
293 3540 355 3590 τὸ
393 3539 670 3610 πλήρωμα
699 3542 886 3611 αὐτῆς,
914 3542 1076 3604 αὐτὸς
1104 3543 1316 3607 οὐδενὸς
1353 3546 1567 3613 ποιήσει
1600 3547 1743 3614 ὑμᾶς

163 3630 306 3697 ἔχειν
336 3631 553 3693 ἐνδεῶς,
584 3629 685 3683 κᾶν
731 3632 935 3701 ταύτης
980 3632 1048 3685 δι’
1075 3634 1237 3685 αὐτὸν
1276 3635 1593 3704 ἁπόσχησθε
1644 3637 1743 3705 τῆς

164 3720 518 3773 εἰδωλοθύτου
571 3722 773 3791 Θοίνης.
828 3724 897 3774 Ἣ
942 3723 1065 3775 ἐπεὶ
1115 3723 1206 3775 τοῦ
1242 3724 1450 3793 Κυρίου
1484 3726 1516 3792 ὴ
1555 3725 1745 3793 γῆκαὶ

166 3816 228 3866 τὰ
253 3816 311 3864 ὲν
346 3813 505 3883 αὐτῇ,
543 3814 721 3883 πολλῴ
754 3816 954 3883 μᾶλλον
1018 3817 1109 3869 καὶ
1134 3819 1158 3868 ὁ
1188 3816 1475 3884 ἄνθρωπος
1499 3821 1524 3869 ὁ
1558 3820 1613 3869 ὲν
1649 3818 1745 3870 αὖ·-

166 3910 247 3975 ςῇ.
299 3905 400 3957 Διὰ
423 3905 555 3972 γοῦν
593 3906 779 3959 τοῦτον
811 3906 902 3958 τὸν
929 3907 1244 3977 μηνύσαντα
1275 3907 1333 3969 ὃς
1363 3909 1478 3959 ἐστι
1509 3908 1602 3960 τοῦ
1631 3908 1748 3959 Κυ-

168 4001 308 4067 ρίου,
345 4000 586 4059 καὶτοὺς
612 3999 805 4061 ἄλλους
837 3999 964 4061 ἴσως
992 3998 1119 4061 τοὺς
1152 3997 1445 4069 μηνύοντος
1478 3998 1746 4051 ἀκούσαν-

167 4108 264 4152 τας
294 4091 383 4142 ἵνα
413 4090 487 4159 μὴ
522 4089 784 4157 βλαδῶσι,
837 4090 913 4161 μὴ
961 4090 1192 4142 ἐσθίετε.
1227 4092 1334 4143 Τοῦ
1388 4091 1593 4160 Κυρίου
1641 4090 1748 4159 γὰρ

168 4184 199 4251 η
233 4182 307 4249 γῆ
340 4183 435 4232 καὶ
468 4180 537 4231 τὰ
580 4181 639 4232 ὲν
684 4182 846 4251 αὐτῇ,
892 4181 987 4234 καὶ
1016 4181 1098 4233 δεῖ
1128 4181 1202 4243 ὡς
1251 4180 1558 4247 ὁμοδούλων
1591 4198 1751 4250 φρον-

167 4275 341 4337 τίζειν
383 4273 493 4325 τῶν
541 4274 599 4324 ὲν
638 4272 797 4342 αὐτῇ.
830 4274 904 4325 Οὐ
940 4274 1048 4342 γὰρ
1095 4274 1182 4325 ὅτε
1241 4274 1339 4340 μὲν
1374 4273 1481 4325 ἔδει
1532 4275 1748 4343 φαγεῖν,

168 4367 329 4419 τοῦτο
361 4365 469 4417 ἔδει
506 4366 728 4426 ἐννοεῖν,
767 4364 855 4416 ὅτε
890 4364 947 4416 δὲ
1002 4364 1077 4434 μὴ
1121 4364 1345 4429 ἐσθίειν,
1394 4365 1550 4417 τοῦτο
1593 4382 1754 4433 παρο-

173 4458 296 4526 ρᾷν,
329 4455 448 4508 ἀλλ’
470 4456 557 4508 ἀεὶ
587 4453 850 4515 ὡσαύτως
877 4453 1116 4523 ἔχοντας,
1144 4454 1238 4506 καὶ
1265 4453 1382 4505 τότε
1415 4454 1751 4523 εὐχαρίστως

171 4548 400 4609 ἐσθίειν,
444 4546 520 4609 ὡς
550 4546 644 4599 τοῦ
673 4548 878 4616 Κυρίου
907 4546 1284 4616 παρασχόντος
1320 4548 1452 4617 ἡμῖν
1496 4549 1574 4609 εἰς
1610 4546 1752 4616 βρῶ-

174 4656 256 4691 σιν
287 4636 485 4695 ταῦτα,
533 4639 627 4691 καὶ
674 4638 771 4690 νῦν
805 4638 1032 4700 εἰκότως
1065 4638 1138 4708 μὴ
1169 4638 1390 4700 ἐσθίειν,
1429 4640 1504 4700 ὡς
1555 4639 1755 4707 φυλατ-

172 4731 439 4799 τομένους
469 4729 842 4793 σκανδαλίζειν
879 4732 1005 4792 τοὺς
1026 4730 1120 4783 τοῦ
1159 4731 1364 4802 Κυρίου
1394 4731 1613 4794 δούλους
1660 4731 1758 4785 καὶ

175 4822 503 4890 ὁμοδούλους
536 4821 714 4892 ἡμῶν.

247 5017 293 5066 Σ
301 5011 615 5076 ιενείδησιν
671 5010 739 5062 δὲ
790 5009 969 5077 λέγω,
1007 5006 1143 5076 οὐχὶ
1173 5008 1289 5075 τὴν
1316 5007 1554 5072 ἑαυτοῦ,
1591 5007 1759 5061 ἀλλὰ

180 5105 294 5172 τὴν
344 5104 453 5156 τοῦ
494 5101 718 5169 ἐτέρου.
758 5103 894 5155 Ἵνα
945 5101 1001 5154 τί
1058 5104 1167 5171 γὰρ
1210 5103 1248 5169 ἡ
1298 5101 1607 5165 ἐλευθερία
1643 5118 1760 5169 μου

179 5200 443 5267 κρίνεται
497 5194 615 5248 ὑπὸ
668 5193 865 5260 ἄλλης
922 5194 1368 5257 συνειδήσεως;
1416 5195 1467 5245 ει
1519 5192 1587 5244 δὲ
1646 5194 1761 5261 ἐγὼ

181 5293 369 5358 χάριτι
409 5288 670 5355 μετέχω,
713 5287 769 5339 τί
810 5287 1313 5355 βλασφημοῦμαι,
1354 5286 1503 5354 ὑπὲρ
1537 5283 1608 5340 οὗ
1646 5287 1761 5354 ἐγὼ

181 5376 563 5447 εἰ·χτιριο·τῶ;
633 5378 769 5430 Εἴτε
837 5372 951 5431 οὖν
1005 5376 1270 5439 ἐσθίετε,
1348 5378 1466 5429 εἴτε
1535 5377 1759 5440 πίνετε,

182 5473 297 5525 εἴτε
328 5471 387 5523 τί
416 5470 657 5531 ποιεῖτε,
686 5468 882 5521 πάντα
910 5471 996 5533 εὶς
1018 5467 1208 5530 δόξαν
1247 5468 1394 5521 Θεοῦ
1422 5468 1660 5519 ποιεῖτε.

258 5581 275 5612 ι
305 5558 640 5627 Συνείδησιν.
670 5576 687 5606 ι
742 5558 854 5628 Τὴν
900 5558 993 5609 τοῦ
1024 5557 1283 5625 Ἕλληνος
1323 5556 1415 5608 τοῦ
1446 5554 1763 5625 καταμηνύ-

191 5670 400 5713 σαντος,
436 5650 522 5702 ἵνα
556 5649 630 5719 μὴ
653 5649 855 5720 βλαὸῇ.
894 5650 1038 5702 ι”Ινα
1065 5650 1115 5701 τί
1144 5652 1251 5719 γὰρ
1278 5652 1311 5719 ἡ
1345 5647 1623 5718 ἐλευθερία
1659 5666 1760 5717 μου

196 5746 473 5814 rga-fverat;
517 5761 534 5791 ι
598 5742 711 5795 ’Ἰτα
769 5746 841 5813 μή
898 5759 979 5803 τις
1038 5742 1189 5811 εῖπηι
1236 5741 1333 5794 Διὰ
1386 5742 1484 5810 μὲν
1513 5744 1610 5810 τὴν
1656 5740 1763 5793 τῶν

194 5837 429 5903 ἀδελφῶν
459 5834 762 5904 συνείδησιν
793 5833 898 5889 τῶν
926 5833 1332 5903 βλαπτομένων,
1361 5832 1537 5894 καλῶς
1569 5833 1760 5901 φαγεῖν

1779 4510 1831 4569 D

1854 3273 2225 3341 mihiquidem
2258 3284 2341 3325 est
2372 3282 2514 3325 terra
2540 3281 2593 3325 et
2632 3289 2755 3339 quae
2782 3273 2834 3325 in
2867 3290 2929 3327 ea
2965 3281 3115 3337 sunt,
3148 3274 3290 3341 quod
3329 3289 3428 3327 an-

1848 3372 1929 3415 tcn
1955 3364 2065 3416 dixi
2100 3380 2113 3415 :
2148 3362 2241 3416 sed
2280 3373 2504 3433 propter
2536 3362 2686 3416 illum
2735 3364 2828 3432 qui
2863 3366 3137 3434 suggessit
3169 3377 3222 3419 et
3253 3366 3423 3432 ipsius

1844 3456 2266 3517 conscientiam,
2313 3470 2420 3508 non
2462 3466 2677 3523 oportet
2732 3456 2952 3509 illorum
2986 3467 3209 3525 gustare
3253 3457 3424 3509 idolo—

1848 3550 2024 3618 thyta.
2057 3546 2190 3600 Nam
2222 3548 2268 3601 si
2304 3548 2517 3600 Domini
2573 3556 2656 3601 est
2676 3556 2822 3600 terra
2859 3556 2913 3601 et
2969 3548 3248 3617 plenitudo
3280 3550 3419 3615 ejus,

1849 3639 1964 3708 ipse
1999 3638 2160 3692 faciet
2190 3653 2289 3693 vos
2317 3638 2470 3691 nullo
2493 3653 2672 3707 egere,
2699 3639 2860 3690 etiam
2905 3637 2951 3691 si
2982 3645 3202 3706 propter
3224 3638 3421 3705 ipsum.

1848 3732 1951 3784 huc
1998 3731 2422 3800 idolothytornm
2459 3730 2582 3783 cibo
2617 3729 2964 3782 abstineatis.
2996 3730 3101 3781 Ant
3131 3728 3176 3780 si
3212 3727 3423 3780 Domini

1848 3832 1932 3877 est
1962 3830 2132 3887 terra,
2172 3830 2226 3876 et
2258 3836 2378 3891 qua:
2419 3823 2472 3875 in
2512 3835 2573 3874 ea
2606 3829 2759 3883 sunt,
2819 3819 2992 3872 multo
3048 3818 3221 3887 magis
3264 3818 3428 3871 homo

1850 3913 1940 3981 qui
1981 3914 2034 3966 in
2054 3927 2113 3967 ea
2138 3920 2221 3965 est
2265 3921 2526 3980 :pr0pter
2564 3910 2707 3961 hunc
2738 3922 2872 3975 ergo
2906 3906 2999 3975 qui
3044 3905 3425 3975 suggessitqui

1851 4003 2069 4057 Domini
2104 4012 2212 4066 est,
2242 4002 2489 4070 aliosque
2527 3999 2781 4055 fortassis
2806 3999 2897 4068 qui
2967 3998 3260 4052 audierunt
3294 4013 3428 4064 sugg-

1850 4104 2152 4165 gerentem,
2201 4110 2269 4149 ne
2330 4094 2587 4147 damnum
2650 4092 2977 4161 recipiant:
3051 4107 3161 4144 non
3227 4090 3425 4143 cdatis.

1854 4185 2069 4240 Domini
2106 4185 2375 4254 siquidem
2411 4192 2493 4238 cst
2524 4195 2693 4247 terra,
2731 4192 2781 4237 et
2814 4198 2936 4253 quas
2968 4182 3023 4236 in
3061 4198 3123 4236 ea
3164 4190 3313 4244 sunt,
3377 4192 3432 4235 et

1854 4292 2243 4333 conservorum
2275 4291 2461 4330 curam
2488 4276 2691 4329 habere
2724 4284 2939 4345 oportet
2969 4275 3063 4343 qui
3092 4276 3144 4327 in
3177 4290 3239 4328 ea
3278 4282 3431 4328 sunt.

1854 4368 2041 4437 Neque
2074 4368 2219 4421 enim
2249 4381 2372 4420 cum
2394 4365 2557 4420 edere
2589 4367 2851 4435 oportuit,
2871 4365 3231 4419 conveniebat
3253 4367 3429 4419 solum

1859 4456 1964 4511 hoc
1989 4456 2321 4526 intelligere,
2350 4463 2403 4510 et
2432 4456 2655 4526 quando
2684 4471 2792 4509 non
2854 4464 2941 4510 est
2992 4454 3263 4509 edendum
3319 4462 3433 4507 tum

1859 4549 2159 4617 negligere,
2197 4547 2290 4601 sed
2343 4562 2557 4615 semper
2600 4548 2791 4600 eodem
2865 4546 3027 4599 modo
3068 4562 3125 4599 se
3177 4546 3431 4599 habt-rn'

1859 4648 1911 4693 et
1956 4650 2087 4691 tunc
2119 4639 2344 4692 edentes
2377 4636 2583 4705 gratias
2625 4651 2788 4703 agere
2832 4637 2979 4705 quod
3016 4635 3280 4690 Dominus
3323 4638 3437 4688 hmo

1860 4730 2017 4784 vobis
2046 4730 2096 4781 in
2122 4730 2444 4782 alimentum
2482 4729 2802 4795 praebuerit,
2827 4738 2881 4782 et
2927 4742 3073 4780 nunc
3107 4729 3297 4781 merito
3329 4742 3435 4780 non

1859 4821 2040 4880 cdere.
2065 4829 2327 4889 tanquam
2352 4820 2711 4874 observantes
2736 4833 2804 4872 ne
2825 4818 3154 4873 offendicqu
3184 4819 3304 4872 sitis
3322 4833 3437 4873 scr-

1862 4914 1943 4964 vis
1962 4909 2199 4975 Domini,
2228 4911 2536 4978 vestrisque
2556 4908 2862 4962 conservis.

1934 5000 1996 5065 Χ,
2015 5002 2195 5055 9951.
2238 5000 2407 5055 Porro
2436 5001 2807 5053 conscientiam
2835 4999 2976 5062 dico,
3020 5018 3121 5054 non
3153 5010 3322 5062 tuam,
3347 5002 3439 5055 sed

1861 5095 2103 5147 alterius.
2159 5094 2268 5149 Cur
2304 5094 2439 5146 enim
2491 5092 2705 5145 libertas
2739 5109 2854 5146 mea
2904 5092 3185 5161 judicalur
3212 5092 3277 5145 ab
3327 5094 3438 5145 alia

1862 5186 2227 5240 conscientia?
2255 5186 2404 5250 Quod
2453 5186 2498 5237 si
2529 5201 2620 5254 ego
2643 5185 2816 5254 gratia
2850 5185 3131 5253 participe,
3174 5200 3268 5236 cur
3294 5168 3357 5236 ob.
3384 5182 3439 5235 id

1866 5282 1993 5333 mihi
2019 5280 2371 5340 maledicitur,
2408 5295 2501 5347 pro
2529 5294 2629 5347 quo
2660 5294 2751 5347 ego
2800 5279 3007 5349 gratias
3064 5294 3161 5347 ago
3201 5277 3223 5329 ?
3278 5276 3440 5346 520

1864 5372 1985 5427 Sive
2015 5374 2177 5439 igitur
2207 5371 2359 5424 editis
2388 5371 2494 5423 sive
2526 5369 2724 5435 bibitis,
2750 5369 2858 5423 sive
2877 5369 3003 5438 quid
3034 5369 3233 5439 facitis,
3261 5371 3440 5422 omnia

1864 5461 1917 5513 in
1946 5458 2171 5531 gloriam
2240 5456 2334 5509 Dei
2383 5456 2561 5525 facile.

1943 5573 1961 5604 s
1996 5550 2426 5608 Conscientiam.
2467 5568 2487 5599 ι
2530 5546 2705 5602 Graeci
2738 5547 3014 5612 videlicet,
3045 5548 3159 5601 sive
3199 5545 3438 5613 gentilis,

1865 5648 1957 5717 qui
1997 5642 2290 5713 suggeSs‘it,
2322 5656 2387 5695 ne
2416 5641 2676 5694 damnum
2703 5639 2962 5707 patiatur.
3011 5658 3030 5688 ‹
3065 5637 3171 5690 Cur
3194 5638 3339 5691 enim
3370 5639 3441 5690 li-

1869 5739 2052 5791 bertas
2085 5750 2203 5788 mea
2240 5732 2556 5802 indicatur?
2581 5729 2659 5785 Ne
2685 5730 2809 5798 quis
2836 5731 3015 5784 dicat:
3046 5729 3192 5784 Bene
3220 5728 3441 5798 quidem

1868 5829 2032 5883 cdere
2088 5825 2443 5895 prohibemur
2492 5833 2710 5892 propter
2757 5821 2983 5874 fratrum
3043 5819 3441 5874 conscientiam
