4204 6464
147 432 258 494 793

1074 433 1465 496 COMMENT.
1512 436 1589 495 1N
1627 437 1910 497 EPISTJ
1945 441 2045 498 AD
2082 441 2446 502 CORINTII.

3300 441 3413 505 7M

147 568 239 604 ναι
288 550 400 603 ἀπὸ
446 548 540 601 τοῦ
576 550 812 619 Χριστοῦ
871 551 1009 620 ὑπὲρ
1054 553 1164 604 τῶν
1205 551 1448 620 ἀδελφῶν
1492 571 1594 622 μου
1635 553 1728 605 καὶ

1835 553 2005 622 ipsius
2034 553 2347 607 utilitatem.
2391 571 2408 603 ›
2451 551 2630 606 Veluti
2661 568 2784 606 cum
2814 551 3031 607 dicebat
3066 572 3080 608 :
3111 573 3129 605 ι
3163 552 3408 612 Optat-im

144 644 260 695 τῶν
295 642 579 709 συγγενῶν
622 659 776 710 μου.»
818 642 989 696 Τοῦτο
1041 643 1148 714 γὰρ
1193 645 1424 713 μίμησις
1467 643 1727 708 Χριστοῦ,

147 737 208 789 τὸ
233 737 310 804 μὴ
351 734 568 798 ἑαυτοῦ,
595 734 731 788 ἀλλὰ
761 735 869 788 τῶν
930 736 1157 802 πλησίον
1191 735 1471 805 κήδεσθαι.
1527 754 1546 786 ι
1570 735 1730 788 Ἀλλὰ

147 828 212 880 τὸ
240 827 355 880 τῶν
383 827 614 880 πολλῶν.
646 847 662 878 ι
695 858 762 867 -
790 825 992 900 [ΦΩΤ.]
1017 828 1088 878 Τὸ
1131 827 1237 879 τῶν
1287 826 1519 889 πολλῶν,
1573 827 1728 894 φησι,

147 920 461 989 συμφέρον,
493 921 638 990 ἢπερ
669 921 728 972 τὸ
758 919 1018 989 ἐμαυτοῦ.
1075 918 1292 990 Ἐπειδὴ
1349 918 1479 972 ἔνιοι
1509 917 1728 988 ζητοῦσι

151 1014 253 1080 μὲν
289 1014 348 1062 τὸ
395 1012 502 1064 τῶν
546 1012 782 1075 πολλῶν,
819 1011 968 1065 ἄλλοι
1004 1012 1101 1081 μὲν
1143 1012 1228 1064 ἵνα
1273 1012 1611 1082 κερδήσωσιν
1633 1010 1731 1061 αῦ-

144 1101 262 1153 τῶν
292 1102 389 1170 τὴν
439 1101 654 1154 εὔνοιαν
694 1103 784 1153 ἐπὶ
815 1102 874 1153 τὸ
906 1104 1055 1169 σφῖσι
1088 1100 1422 1162 λυσιτελοῦν,
1472 1101 1520 1152 ei
1544 1099 1599 1151 δὲ
1645 1099 1732 1152 ἵνα.

150 1193 290 1259 παρ’
326 1191 508 1244 αὐτῶν
548 1191 932 1254 ἐπαινεθῶσιν,
974 1191 1023 1243 oi
1055 1191 1112 1244 δὲ
1135 1191 1222 1245 ἵνα
1251 1191 1413 1243 ἄλλου
1442 1190 1586 1252 τινος
1617 1191 1734 1240 ἑπι-

144 1283 362 1352 τῦχωσι
410 1283 680 1347 τοιοῦτον,
734 1285 894 1346 αὐτὸς
938 1284 1212 1336 δείκνυσιν
1254 1283 1338 1350 ἐφ’
1388 1283 1494 1349 ὅτῳ
1551 1283 1732 1344 αὐτοῖς

147 1374 491 1426 ἐσπούδασεν
517 1376 799 1444 ἀρέσκειν,
836 1375 928 1426 καί
963 1391 1147 1443 φησιν,
1192 1375 1274 1426 ὅτι
1308 1373 1398 1425 ἐπὶ
1428 1373 1487 1424 τὸ
1509 1373 1731 1433 ἐκείνοις

148 1467 439 1537 συμφέρον
471 1466 566 1520 καὶ
604 1467 702 1536 οὐχ
739 1465 929 1528 ἁπλῶς
964 1466 1263 1536 συμφέρον.
1297 1465 1410 1518 ἀλλ’
1456 1464 1534 1516 ἔτι
1568 1465 1733 1532 “is”

148 1575 370 1628 στερον,
401 1559 486 1613 ἵνα
514 1560 751 1620 σωθῶσι,
781 1559 937 1627 φησί.

753 1811 998 1864 ΚΕΦΑΛ.
1044 1813 1136 1878 (τ’.

147 1923 293 1992 Περὶ
324 1923 662 1992 σχίσματος
704 1925 938 1991 ἀνδρῶν
977 1925 1075 1978 καὶ
1108 1921 1408 1992 γυναικῶν
1434 1924 1504 1976 ἐν
1524 1923 1734 1992 εὐχαῖς

671 1995 771 2047 καὶ
802 1995 1210 2062 προφητείαις.

238 2084 500 2139 Ἐπαινῶ
548 2085 616 2138 δὲ
663 2085 839 2154 ὑμᾶς,
899 2087 1171 2156 ἀδελφοὶ,
1233 2089 1323 2143 ὅτι
1374 2087 1571 2140 πάντα
1612 2103 1733 2154 μου

145 2178 486 2247 μέμνησθε,
529 2179 624 2231 καὶ
661 2178 854 2244 καθὼς
889 2180 1204 2248 παρέδωκα
1229 2181 1374 2250 ὑμῖν
1399 2181 1506 2246 τὰς
1545 2196 1734 2246 παρα-

148 2271 359 2335 δόσεις
392 2271 687 2337 κατέχετε.
725 2271 886 2324 Θέλω
918 2272 986 2324 δὲ
1025 2272 1182 2341 ὑμᾶς
1217 2272 1436 2326 ειδέναι
1463 2273 1550 2325 ὅτι
1590 2287 1731 2324 παν-

149 2363 257 2428 τὸς
292 2363 508 2428 ἀνδρὸς
533 2365 569 2428 ἡ
601 2362 834 2431 κεφαλὴ
867 2367 897 2416 ὀ
927 2365 1180 2432 Χριστός
1202 2365 1353 2418 ἐστι.
1390 2365 1632 2432 Reguli;
1666 2361 1734 2415 δὲ

192 2454 441 2518 oravon
465 2456 496 2506 ό
515 2453 690 2520 ἀνὴρ.
717 2456 964 2523 Κεφαλὴ
983 2455 1051 2508 δὲ
1077 2456 1334 2524 Χριστοῦ
1365 2459 1398 2510 ὁ
1425 2457 1591 2519 Θεός.
1609 2456 1733 2522 Πᾶς

145 2547 310 2614 (ιι-ἦρ
332 2547 820 2614 προσευχόμενος
837 2549 874 2614 ἢ
891 2556 1285 2616 προφητεύων
1300 2549 1448 2601 κατὰ
1465 2546 1734 2615 κεφαλῆς

150 2640 332 2707 ἔχων,
371 2640 760 2708 καταισχύνει
815 2640 930 2704 τὴν
984 2640 1263 2709 κεφαλὴν
1317 2642 1526 2695 αὑτοῦ.
1565 2641 1735 2695 Πᾶσα

146 2730 217 2783 δὲ
267 2729 426 2798 γυνὴ
475 2732 931 2798 προσευχομένη
978 2731 1014 2797 ἣ
1071 2733 1536 2800 προφητεύουσα
1588 2733 1733 2785 ἀκα-

147 2823 514 2887 τακαλύπτῳ
539 2819 609 2886 τῇ
638 2820 1288 2890 κεφαλῇλαταισχύνει
1320 2825 1436 2888 τὴν
1460 2824 1736 2889 κεφαλὴν

148 2912 364 2978 αὐτῆς.
403 2915 514 2964 Ἐν
554 2917 661 2980 γάρ
693 2914 824 2966 ἐστι
867 2912 965 2966 καὶ
1001 2914 1067 2966 τὸ
1097 2915 1244 2966 αὐτὸ
1275 2914 1348 2980 τῇ
1371 2915 1732 2983 ἐξυρημένῃ.

221 3005 727 3073 Μεμφεταιαῦτοίς
780 3004 862 3057 ὅτι
905 3004 961 3056 αἱ
999 3003 1097 3074 μὲν
1129 3008 1408 3072 γυναῖκες,
1449 3008 1734 3058 ἀκατακα-

148 3100 341 3167 λύπτῳ
383 3100 448 3166 τῇ
490 3099 697 3166 κεφαλῇ
731 3100 823 3150 καὶ
873 3096 1101 3168 ηὔχοντο
1151 3100 1246 3150 καὶ
1302 3101 1732 3168 ἐπροεφήτευον.

1834 644 2119 696 anathema
2159 658 2281 695 esse
2316 659 2342 694 a
2371 643 2590 698 Christo
2633 660 2732 714 pro
2754 644 3017 698 fratribus
3047 646 3182 698 meis
3215 654 3268 699 et
3317 661 3400 698 co-

1834 734 2012 802 gnatis
2042 735 2174 786 meis
2214 735 2280 787 ’⁷.
2331 753 2349 784 ι
2393 732 2502 786 lloc
2537 743 2716 786 autem
2765 734 2970 788 Christi
3024 735 3258 788 imitatio
3305 745 3414 800 est,

1835 840 2207 891 uouquacrere
2239 839 2417 878 tueutn
2455 822 2829 888 commodum,
2873 823 2967 878 sed
3008 823 3271 890 proximis
3289 838 3416 890 pro-

1836 916 2034 968 videre.
2077 936 2093 965 ‹
2133 913 2237 968 Sed
2268 914 2591 968 multorum.
2626 934 2644 966 ι
2689 913 3009 978 Multorum,
3039 912 3237 980 inquit,
3263 927 3417 966 com-

1834 1009 2052 1061 modum
2089 1007 2259 1076 magis
2277 1022 2484 1076 quaero,
2525 1023 2688 1076 quam
2722 1022 2922 1061 meum.
2960 1003 3414 1072 Quandoquidem

1834 1101 2084 1154 nonnulli
2115 1100 2417 1152 multorum
2442 1105 2696 1166 quatruut
2715 1098 3065 1151 commodum
3100 1113 3111 1148 :
3152 1096 3241 1148 alii
3282 1110 3418 1147 sane

1839 1202 1896 1243 ut
1926 1191 2140 1244 illorum
2184 1190 2534 1244 lucrifaciant
2563 1188 3031 1250 benevolentiam,
3106 1188 3158 1240 in
3206 1185 3313 1239 hoc
3365 1193 3419 1236 ut

1834 1283 1938 1336 sibi
1965 1284 2177 1351 prosint
2212 1300 2224 1334 :
2259 1282 2482 1350 quidam
2545 1296 2674 1336 vero
2740 1289 2799 1332 ut
2841 1278 2908 1330 ab
2959 1280 3037 1330 eis
3108 1280 3418 1340 laudentur,

1834 1376 1925 1428 alii.
1955 1385 2012 1426 ut
2039 1374 2185 1427 aliud
2221 1373 2500 1442 quidpiam
2535 1373 2714 1425 simile
2761 1372 2831 1425 ab
2875 1371 2956 1425 eis
2997 1377 3364 1437 assequuntur
3403 1386 3416 1423 :

1834 1465 2075 1520 ostendit
2111 1467 2225 1534 ipse
2260 1464 2326 1517 ad
2357 1463 2487 1533 quid
2526 1461 2632 1515 illis
2671 1463 2884 1530 placere
2920 1460 3213 1517 studuerit.
3248 1468 3300 1509 et
3329 1459 3406 1508 ait

1837 1557 1980 1625 quod
2021 1557 2090 1608 ob
2123 1557 2470 1608 commodum
2535 1555 2779 1622 ipsorum
2819 1570 2832 1618 ;
2880 1568 2980 1606 ucc
3034 1552 3418 1619 qualecunque

1834 1647 2204 1709 commodum,
2241 1645 2332 1698 sed
2369 1645 2708 1698 manifestius
2733 1644 2911 1696 adhuc
2931 1653 2985 1694 ut
3035 1642 3167 1695 salvi
3233 1639 3360 1692 ﬁant
3402 1679 3417 1702 ,

1837 1736 2034 1806 inquit.

2394 1828 2554 1896 522
2583 1823 2814 1880 CAPUT
2841 1824 2928 1879 γι.

1836 1945 1912 1998 De
1938 1945 2166 1996 dissidio
2195 1944 2429 1996 virorum
2464 1959 2528 1993 ac
2555 1941 2837 1992 mulierum
2868 1939 2922 1992 in
2951 1936 3344 2006 precationibus
3369 1945 3418 1988 et

2470 2011 2782 2078 propltetiis.

1905 2102 1996 2162 Xl.
2029 2100 2146 2156 2-5.
2177 2097 2440 2155 Collaudo
2464 2107 2642 2150 autem
2672 2114 2779 2158 vos,
2825 2096 3017 2165 fratres
3046 2135 3058 2157 ,
3114 2093 3252 2163 quod
3303 2110 3419 2145 om-

1835 2197 1979 2250 nium
2013 2209 2129 2262 qua:
2159 2209 2272 2245 mea
2292 2201 2412 2244 sunt
2448 2204 2702 2242 memores
2724 2189 2866 2251 sitis,
2883 2198 2952 2252 et,
2970 2184 3417 2257 quemadmodum

1834 2285 2033 2340 tradidi
2066 2285 2228 2342 vobis.
2279 2283 2525 2335 instituta
2549 2281 2786 2335 servetis.
2837 2279 2943 2334 Sed
2992 2278 3108 2332 colo
3149 2295 3235 2330 vos
3284 2278 3422 2330 scire

1833 2373 1968 2442 quod
1983 2370 2154 2424 omnis
2188 2369 2288 2422 viri
2319 2377 2476 2436 caput
2503 2367 2757 2421 Christus
2788 2377 2889 2426 est,
2920 2374 3079 2434 caput
3105 2376 3279 2418 autent
3307 2383 3422 2416 mn-

1836 2465 1981 2518 lieris
2013 2465 2113 2525 vir,
2136 2473 2292 2529 caput
2324 2477 2441 2514 vero
2460 2458 2665 2515 Christi
2693 2458 2853 2512 Deus.
2913 2458 3102 2512 Omnis
3141 2460 3219 2511 vir
3261 2473 3421 2511 orans

1835 2565 1926 2608 ant
1967 2554 2283 2622 prophetam
2315 2552 2509 2605 habens
2559 2552 2831 2620 quidpiam
2884 2551 2938 2603 in
3008 2551 3197 2618 capite,
3229 2548 3422 2616 probro

1836 2647 1989 2716 amt-it
2021 2655 2174 2713 caput
2209 2661 2384 2699 suum.
2425 2642 2610 2697 Omnis
2635 2659 2751 2696 vero
2786 2641 2976 2695 mulier
2992 2659 3152 2694 orans
3181 2650 3272 2694 aut
3301 2657 3423 2708 pro-

1835 2737 2056 2802 phetans
2077 2753 2178 2787 non
2211 2747 2389 2802 operto
2421 2735 2613 2800 rapite,
2646 2733 2850 2802 pudore
2865 2733 3021 2802 aﬂicit
3053 2743 3210 2799 caput
3237 2748 3419 2787 suum:

1837 2843 1959 2878 nam
1989 2841 2150 2878 unum
2189 2834 2266 2879 est
2293 2835 2340 2878 et
2376 2824 2512 2877 idem
2550 2840 2611 2875 ac
2654 2825 2700 2876 si
2726 2840 2854 2878 rasa
2887 2833 3047 2877 esset.

1909 3011 2144 3061 Accusat
2193 3023 2286 3060 eos
2309 3007 2452 3073 quod
2485 3007 2745 3061 mulieres
2801 3005 3024 3076 quidem
3078 3008 3258 3076 capite
3311 3021 3418 3059 nou

1837 3107 2026 3167 operto
2049 3099 2279 3151 orabant
2310 3113 2374 3150 ac
2403 3097 2800 3166 prephctabant
2838 3112 2851 3148 :
2877 3096 2980 3151 viri
3016 3106 3196 3150 autem
3220 3103 3423 3151 t'Olllali

149 3192 214 3242 Οἱ
254 3189 315 3242 δὲ
361 3187 554 3256 ἄνδρες
590 3191 683 3239 καὶ
734 3189 973 3257 ἐκόμων,
1033 3191 1124 3241 καὶ
1181 3191 1732 3259 κατακεκαλυμμένοι

1839 3201 2015 3253 erant,
2047 3199 2102 3243 et
2134 3191 2309 3259 capite
2355 3197 2515 3241 erant
2549 3199 2741 3254 operto
2782 3189 2835 3240 in
2871 3189 3185 3257 precatione
3211 3204 3272 3242 ac
3299 3204 3426 3256 pro-

146 3278 292 3353 ἦσαν
323 3281 422 3350 τὴν
451 3280 711 3348 κεφαλὴν,
743 3282 801 3332 ἐν
832 3284 898 3348 τῇ
926 3281 1056 3350 εὐχῇ
1090 3282 1180 3332 καὶ
1211 3284 1525 3353 προφητείᾳ
1550 3325 1563 3345 ,
1613 3282 1733 3335 ἄτι-

147 3392 214 3425 να
261 3371 600 3441 Ἑλληνικῶν
645 3366 714 3440 ἦν
759 3371 915 3425 ἐθῶν,
945 3373 1250 3424 Αἱνίττεται
1289 3373 1344 3424 δὲ
1371 3374 1451 3425 ὅτι
1482 3376 1574 3426 καὶ
1632 3393 1734 3426 πα-

152 3466 283 3535 ρὼν,
322 3467 451 3534 περι⁵
500 3464 702 3516 τούτων
742 3465 922 3526 αὐτοῖς
950 3465 1236 3526 διείλεκτο,
1261 3459 1336 3517 ὧν
1367 3467 1415 3518 οί
1454 3467 1550 3538 μὲν
1584 3467 1734 3519 ἐπεί-

151 3559 386 3625 σθησαν,
421 3556 512 3619 οῦς
549 3559 640 3608 καὶ
675 3559 906 3619 ἐπαινεῖ,
933 3559 984 3609 οἱ
1013 3557 1067 3610 δὲ
1102 3556 1187 3618 οὒ,
1229 3559 1367 3628 πρὸς
1406 3557 1498 3623 οὓς
1530 3558 1732 3629 προῖὼν

153 3651 340 3720 φησίν.
369 3650 430 3701 Ei
462 3649 518 3701 δέ
539 3666 621 3710 τις
659 3648 806 3701 δοκεῖ
837 3649 1136 3718 φιλόνεικος
1171 3646 1330 3708 εἶναι,
1363 3652 1523 3719 ἡμεῖς
1553 3649 1730 3702 τοιαῦ-

150 3757 248 3806 την
279 3738 573 3806 συνήθειαν
625 3739 723 3790 οὐκ
760 3739 973 3807 ἔχομεν.
1015 3739 1165 3791 ι”Οτι
1214 3740 1443 3792 πάντοτέ
1483 3758 1582 3810 μον
1631 3741 1728 3808 μὲο

157 3829 422 3898 μνησθε.»
468 3829 574 3880 Καί
604 3846 686 3880 τοι
716 3829 845 3896 περὶ
873 3828 966 3880 τοῦ
1003 3831 1076 3898 μὴ
1101 3831 1275 3898 κομᾷν
1307 3831 1334 3881 ὁ
1375 3830 1530 3896 λόγος
1557 3829 1727 3898 αὐτῷ,

156 3920 290 3989 μηδὲ
340 3917 690 3986 κεκαλύφθαι
725 3921 781 3970 ὲν
811 3919 941 3988 εὐχῇ
979 3920 1070 3971 καὶ
1107 3918 1411 3988 προφητείᾳ
1441 3919 1537 3985 τὴν
1561 3936 1728 3986 κεφα-

152 4014 266 4084 λήν.
294 4013 421 4075 Πῶς
452 4009 544 4063 οῦν
582 4027 742 4078 φησιν
775 4011 877 4072 ὅτι,
910 4011 1175 4063 ιΠάντοτέ
1217 4027 1316 4079 μου
1351 4009 1659 4078 μέμνησθε;
1704 4029 1720 4057 ι

151 4107 429 4174 πρόφασιν
463 4100 682 4168 εῦλογον
713 4101 916 4164 λαϐὼν,
958 4102 1176 4169 ἐπαίρει
1219 4102 1330 4162 τοῖς
1361 4101 1603 4163 ἐπαίνοις
1633 4101 1730 4153 αὖ·

151 4197 296 4256 τούς.
351 4191 494 4262 Πρὸς
523 4192 633 4260 γὰρ
671 4191 796 4253 τοὺς
848 4191 1264 4252 ὑπακούσαντας
1291 4192 1318 4242 ὀ
1351 4190 1507 4256 λόγος
1560 4189 1726 4259 αὐτῷ,

151 4286 272 4351 gift
302 4284 435 4350 περὶ
479 4282 586 4334 τῶν
639 4281 711 4350 μὴ
747 4283 1196 4334 ὑπακουσάντων.
1249 4300 1266 4331 ι
1298 4281 1448 4332 Θέλω
1481 4281 1536 4333 δὲ
1585 4281 1730 4350 ὑμᾶς

152 4378 410 4427 εἰδέναι.»
446 4373 586 4441 Πρὸς
627 4375 748 4433 τοὺς
780 4371 1100 4432 πεισθέντας
1133 4372 1209 4441 τῷ
1238 4372 1380 4442 λόγῳ
1415 4372 1586 4440 τούτῳ
1617 4373 1731 4425 δια-

154 4466 470 4532 λεγόμενος,
524 4465 648 4514 τοὺς
695 4462 1104 4530 ἀπιστήσαντας
1154 4461 1459 4530 διορθοῦται
1515 4462 1588 4532 μὴ
1619 4462 1729 4514 δεῖν

1846 3282 2050 3352 phetia.
2081 3280 2213 3346 Qme
2245 3296 2377 3334 sane
2399 3277 2716 3333 Graarorum
2752 3294 2937 3333 mores
2959 3289 3138 3333 erant.
3173 3279 3425 3332 lusiuuat

1839 3373 2003 3426 etiam
2032 3371 2178 3439 quod
2213 3385 2456 3439 praesens
2490 3370 2632 3439 apud
2662 3371 2810 3438 ipsos
2853 3369 3027 3424 dehis
3061 3369 3419 3424 disseruerat.

1841 3463 2040 3517 Eorum
2067 3478 2192 3516 vero
2221 3463 2443 3530 quidam
2497 3460 2746 3531 persuasi
2778 3461 3021 3522 fuerant,
3082 3476 3222 3530 quos
3254 3462 3419 3514 etiam

1839 3554 2277 3618 collaudat;alii
2303 3568 2431 3606 vero
2469 3567 2577 3605 non
2638 3553 2836 3621 quibus
2880 3553 2934 3605 in
2996 3566 3287 3620 progressu
3342 3552 3422 3604 lo-

1838 3649 2045 3718 quitur,
2081 3663 2205 3701 cum
2243 3646 2315 3698 ait
2355 3662 2370 3700 :
2404 3645 2670 3699 Caeterum
2706 3644 2750 3698 si
2779 3644 2902 3713 quis
2931 3643 3150 3698 videtur
3193 3652 3421 3697 conten—

1837 3741 2014 3796 tiosus
2034 3755 2176 3802 esse,
2205 3754 2306 3792 nos
2328 3737 2641 3806 hujusmodi
2661 3738 3111 3791 consuetudinem
3128 3752 3234 3790 non
3257 3737 3420 3790 liabe-

1837 3849 1978 3887 mus.
2009 3853 2026 3883 ι
2066 3833 2217 3898 Quod
2251 3833 2765 3901 omniumquaamea
2787 3839 2915 3887 sunt
2931 3846 3199 3886 memores
3232 3832 3411 3885 sitis.»

1837 3925 1994 3995 Atqui
2013 3924 2080 3979 de
2106 3925 2209 3978 hoc
2229 3939 2295 3976 ne
2327 3923 2753 3987 comatiesseut,
2785 3929 2838 3975 et
2863 3923 2930 3975 de
2971 3937 3078 3974 non
3108 3920 3407 3990 cpericndo

1833 4018 2017 4086 capite
2061 4016 2115 4069 in
2158 4015 2474 4083 precatione
2492 4025 2541 4067 et
2569 4014 2859 4083 prophetia
2897 4029 3080 4067 S;'|"m0
3128 4013 3246 4081 ipse
3277 4019 3418 4078 erat,

1833 4109 2111 4179 quomodo
2143 4123 2275 4177 ergo
2307 4107 2384 4160 ait
2421 4122 2434 4158 :
2475 4126 2492 4157 ι
2535 4105 2791 4159 Omnium
2834 4121 2954 4173 qua:
2993 4120 3111 4158 mea
3153 4112 3416 4158 suntme—

1836 4214 2014 4252 mores
2048 4198 2248 4252 sitis?»
2284 4198 2518 4266 Accepta
2571 4193 2889 4249 rationabili
2946 4209 3113 4247 causa
3161 4192 3417 4246 laudibus

1835 4303 1929 4341 eos
1952 4286 2125 4339 effert.
2154 4285 2287 4338 Nam
2319 4284 2384 4337 ad
2421 4286 2542 4338 illos
2573 4300 2754 4338 sermo
2783 4285 2903 4354 ipse
2929 4285 3183 4352 dirigitur
3203 4284 3416 4353 quith

1837 4385 2293 4445 temperaverant,
2315 4391 2421 4427 non
2445 4375 2509 4428 de
2529 4374 2614 4427 his
2642 4374 2734 4442 qui
2760 4389 2868 4427 nou
2903 4374 3242 4427 obedierant.
3266 4392 3282 4422 ι
3309 4371 3416 4425 Sed

1836 4465 1960 4516 volo
1977 4478 2074 4516 vos
2093 4463 2260 4515 scire.
2276 4480 2293 4511 ι
2321 4461 2456 4514 Cum
2477 4461 2546 4513 iis
2564 4460 2886 4513 disseremlo
2901 4459 2994 4527 qui
3031 4459 3157 4511 huic
3180 4461 3421 4515 sermoni

152 4530 550 4625 τέλαλυμμένῃ
601 4552 856 4621 εὔχεσθαι
907 4553 1134 4623 κεφαλῇ.
1186 4553 1466 4623 Ἐπιφέρει
1518 4530 1584 4605 Ὕδὲ
1636 4554 1730 4606 καὶ

1835 4557 2365 4624 obtemperaverant,
2403 4567 2498 4606 eos
2547 4552 2775 4620 corrigit
2803 4550 2895 4619 qui
2935 4566 3042 4603 non
3073 4549 3422 4603 crediderant

150 4651 249 4718 τὴν
287 4647 490 4700 αἰτίαν.
550 4664 568 4697 ι
606 4646 811 4705 Παντὸς
865 4645 1074 4714 ἀνδρὸς.
1119 4665 1136 4696 ι
1197 4646 1396 4698 Πιστοῦ
1459 4646 1727 4714 δηλονότι.

156 4742 317 4790 Λιτοὶ
357 4739 467 4806 γάρ
490 4738 596 4787 εἰσι
627 4736 762 4804 μέλη
799 4738 1055 4804 Χριστοῦ.
1092 4738 1200 4790 Καὶ
1242 4738 1418 4791 αὐτῶν
1460 4739 1669 4806 κεφαλὴ
1704 4740 1731 4790 ὁ

155 4831 416 4901 Χριστὸς,
448 4829 508 4880 οὐ
558 4828 662 4897 μὴν
702 4827 808 4878 τῶν
857 4828 1124 4882 ἀπίστων.
1176 4829 1402 4900 Κεφαλὴ
1435 4831 1531 4899 μὲν
1572 4829 1731 4899 ἡμῶν

153 4923 259 4975 τῶν
283 4919 496 4974 πιστῶν
532 4921 680 4971 ἐστὶν
707 4922 735 4970 ὁ
763 4920 1015 4989 Χριστὸς,
1041 4920 1115 4979 ὡς
1138 4920 1441 4989 συσσώμων
1467 4922 1559 4973 καὶ
1594 4938 1733 4990 συμ-

159 5015 402 5082 μετέχων
432 5011 581 5080 αὐτῷ
625 5013 1032 5080 γεγενημένων,
1064 5013 1152 5063 διὰ
1198 5014 1296 5080 τῆς
1330 5015 1613 5075 κοινωνὲας
1638 5013 1732 5065 τοῦ

158 5108 414 5176 σώματος
447 5106 534 5155 καὶ
582 5105 817 5172 αἵματος
860 5104 1048 5161 αὑτοῦ.
1084 5107 1160 5156 Δι’
1202 5105 1379 5156 αὐτῶν
1425 5107 1532 5176 γὰρ
1567 5107 1736 5158 ᾶπαν-

159 5216 244 5260 τες
293 5197 352 5252 ἓν
379 5196 537 5264 σῶμα
551 5196 1009 5265 χρηματίσαντες,
1052 5197 1292 5266 κεφαλὴν
1327 5197 1519 5265 ἔχομεν
1549 5196 1728 5249 αὐτόν.

228 5468 458 5535 Κεφαλὴ
488 5467 546 5518 δὲ
573 5464 668 5518 τοῦ
693 5466 932 5535 Χριστοῦ
960 5467 986 5519 ὁ
1009 5465 1140 5527 82h;
1164 5467 1257 5518 καὶ
1285 5465 1492 5535 Πατὴρ,
1525 5464 1600 5527 ὡς
1616 5480 1740 5530 γεν-

161 5561 340 5629 νήτωρ
378 5561 472 5611 καὶ
505 5557 801 5626 προσολεὺς
831 5559 924 5611 καὶ
958 5557 1238 5627 ὀμοούσιος
1257 5557 1442 5612 αὐτοῦ.
1464 5575 1482 5607 ι
1513 5556 1739 5624 Κεφαλὴ

165 5655 219 5704 δὲ
249 5651 509 5718 γυναικὸς
537 5651 566 5702 ὁ
591 5651 750 5720 ἀνήρ.
793 5671 811 5703 ι
847 5652 968 5703 Ὅτι
999 5651 1093 5704 καὶ
1126 5651 1288 5715 αὐτὸς
1333 5651 1610 5720 γεννήτωρ
1634 5648 1736 5701 αὐ·

233 5827 275 5860 ⁸⁷
311 5824 471 5880 Rom.
509 5842 584 5889 ts,
620 5827 669 5880 5.

1831 4665 1937 4701 non
1983 4654 2239 4715 Oportere
2292 4659 2450 4697 orare
2472 4651 2615 4696 tecto
2656 4643 2853 4711 capite.
2915 4641 3083 4694 Aﬂ‘ert
3135 4651 3316 4695 autem
3365 4650 3422 4695 et

1829 4755 2070 4792 causam.
2112 4754 2129 4786 ι
2159 4735 2351 4790 Omnis
2382 4736 2487 4797 vir,
2533 4757 2550 4786 ι
2592 4734 2773 4788 ﬁdelis
2805 4736 3080 4789 videlicet.
3106 4733 3216 4803 Ipsi
3273 4733 3417 4786 enim

1831 4835 1958 4879 sunt
1993 4825 2234 4876 membra
2270 4823 2500 4885 Christi.
2541 4833 2594 4878 ct
2619 4839 2809 4877 eorum
2835 4822 3275 4893 caputCltristus
3307 4831 3416 4881 est.

1832 4929 1940 4967 non
1974 4921 2158 4965 autem
2190 4911 2518 4964 inﬁdelium.
2551 4910 2728 4978 Caput
2761 4911 2981 4978 quidem
3048 4920 3296 4962 nostrum
3328 4909 3422 4976 qui

1833 5003 2018 5055 ﬁdeles
2049 5016 2241 5055 smnus
2287 5000 2540 5054 Christus
2595 5007 2699 5062 est,
2739 5008 2995 5068 tanquam
3061 5014 3250 5052 eorum
3325 4997 3418 5067 qui

1833 5094 2078 5162 ejusdem
2109 5094 2234 5147 lacti
2273 5101 2403 5145 sunt
2435 5093 2702 5161 corporis,
2735 5091 3103 5163 ejusdemque
3137 5099 3422 5144 consortes

1835 5198 2062 5248 naturae,
2115 5201 2209 5255 per
2262 5185 2816 5237 cmtttnuuicationem
2868 5185 3117 5250 corporis
3180 5192 3233 5237 et
3285 5196 3418 5237 san~

1836 5282 2018 5349 guinis
2047 5279 2242 5348 ipsius.
2304 5278 2406 5331 Per
2439 5277 2583 5328 hanc
2619 5277 2764 5330 enim
2801 5291 2996 5329 omnes
3023 5291 3190 5329 unum
3214 5289 3418 5344 corpus

1837 5373 2117 5442 appellati,
2153 5372 2331 5440 ipsum
2372 5369 2636 5422 habemus
2664 5375 2852 5436 caput.

1910 5459 2069 5530 523
2083 5458 2282 5512 Christi
2301 5470 2428 5509 vero
2447 5453 2762 5524 eaputDeus
2785 5467 2847 5504 ac
2871 5451 3027 5504 Pater
3043 5461 3126 5505 est
3156 5459 3413 5519 tanquant

1841 5566 2042 5620 parens
2089 5558 2141 5601 et
2184 5547 2506 5615 productor,
2557 5560 2619 5597 ac
2649 5542 2896 5611 ejusdem
2941 5557 3066 5596 cum
3116 5542 3235 5610 ipso
3275 5541 3414 5595 sub-

1843 5643 2077 5699 stantia.
2125 5659 2143 5692 ι
2173 5640 2350 5708 Caput
2381 5647 2563 5692 autem
2596 5636 2844 5691 mulieris
2882 5637 2984 5690 vir.
3017 5655 3035 5688 ι
3068 5633 3204 5701 Quia
3235 5641 3288 5688 et
3308 5632 3412 5703 ipsi
