4204 6464
124 368 243 432 797

1095 378 1481 442 COMMENT.
1518 380 1597 443 IN
1630 382 1865 445 EPIST.
1905 385 1924 439 l
1961 387 2059 447 AD
2094 388 2457 454 CORINTH.

3299 394 3411 463 798

125 484 663 543 κατακαλύπτεσθαι
713 488 813 560 τὴν
842 492 1104 563 κεφαλήν.
1137 512 1155 545 ι
1182 495 1718 552 Κατασκιυαστικῶς

1831 516 1960 557 esse.
2024 520 2042 554 ι
2073 501 2169 557 Vir
2200 504 2470 575 siquidem
2501 518 2608 560 non
2650 502 2811 560 debet
2839 508 3095 559 contecto
3138 517 3263 563 esse
3302 520 3401 563 ca-

123 576 375 645 προάγει
408 576 499 629 τὸν
530 576 706 646 λόγον,
727 574 844 633 εἶτα
868 580 1046 634 αἰτίαν
1076 582 1223 651 λέγει
1249 583 1343 638 τοῦ
1379 585 1455 657 μὴ
1488 587 1598 641 δεῖν
1634 587 1727 641 ἇν-

122 666 241 736 δρα
267 668 788 725 κατακαλύπτεσθαι
829 672 927 743 τὴν
944 675 1208 745 κεφαλὴν,
1242 676 1301 729 ού
1332 678 1431 747 τὴν
1475 676 1724 749 πρώτην,

124 758 273 811 διότι
302 760 549 831 κεφαλὴν
573 760 685 831 ἔχει
713 762 804 816 τὸν
834 764 1095 835 Χριστὸν,
1122 766 1258 820 ἀλλὰ
1282 768 1469 839 ἄλλην.
1503 787 1521 821 ι
1550 768 1727 824 Είκὼν

125 848 233 901 καὶ
270 847 400 913 δύξα
424 849 558 904 Θεοῦ
590 853 871 924 ὑπάρχων.
913 872 930 904 ι
965 854 1142 908 Είκὼν
1180 856 1315 910 Θεοῦ
1342 861 1369 912 ὀ
1412 858 1723 929 ἄνθρωπος,

124 940 261 992 οὔτε
292 942 433 994 κατὰ
470 944 530 995 τὸ
562 946 743 1013 σῶμα,
775 944 898 998 οὔτε
927 948 1066 1000 κατὰ
1080 947 1177 1018 τῆν
1201 949 1401 1020 ψυχὴν,
1430 950 1566 1004 ἀλλὰ
1586 953 1726 1005 κατὰ

120 1032 195 1085 τὸ
226 1035 458 1103 ἀρχικὸν
492 1034 672 1103 μόνον.
720 1036 808 1099 Ὠς
848 1036 1103 1092 ἁπάντων
1134 1042 1311 1093 τοίνυν
1352 1041 1459 1094 τῶν
1501 1044 1594 1097 ἐπὶ
1627 1045 1728 1111 γῆς

122 1125 236 1191 τὴν
294 1126 468 1195 ἀρχὴν
516 1129 987 1198 πεπιστευμένος,
1030 1129 1192 1184 εἰκὼν
1258 1134 1727 1204 πρισαγορεύεται

124 1215 297 1269 Θεοῦ.
338 1216 401 1269 Ἥ
437 1217 491 1270 δὲ
549 1219 686 1287 γυνὴ
741 1220 814 1282 ὡς
849 1220 953 1274 ὑπὸ
978 1222 1078 1292 τὴν
1126 1221 1220 1275 τοῦ
1262 1223 1451 1295 ἀνδρὸς
1480 1224 1730 1289 ἐξουσίαν

121 1308 392 1370 τελοῦσα,
416 1309 509 1362 τοῦ
535 1310 724 1382 ἀνδρός
747 1312 862 1364 ἑστι
890 1311 1035 1377 δόξα,
1058 1314 1151 1367 καὶ
1170 1308 1282 1367 οἷον
1309 1315 1516 1377 είκόνος
1542 1317 1724 1370 εἰκών.

133 1400 339 1469 Ἀρχει
368 1401 467 1469 μὲν
494 1401 601 1469 γὰρ
626 1402 717 1454 καὶ
748 1403 885 1473 αύτῆ
912 1404 1019 1456 τῶν
1065 1404 1261 1466 ἄλλων,
1310 1404 1426 1459 ἀλλ’
1460 1406 1727 1458 ὑποτετά-

126 1491 264 1559 χθαι
293 1491 371 1562 τῷ
402 1492 553 1562 ἀνδρὶ
604 1494 940 1565 προσετάγη.
983 1514 1001 1546 ι
1036 1496 1173 1562 Δόξα
1206 1495 1340 1549 Θεοῦ
1382 1499 1662 1566 ὑπάρχων.
1704 1514 1721 1547 ι

129 1583 437 1635 Τουτέστιν
491 1583 635 1653 ἀρχὴ
686 1583 761 1636 ὣν
808 1584 965 1647 Θεοῦ,
1002 1589 1095 1638 καὶ
1136 1586 1241 1639 ὑπὸ
1286 1587 1461 1659 ἀρχὴν
1489 1586 1563 1640 ὣν
1592 1586 1726 1640 Θεοῦ

133 1675 331 1742 μόνου.
365 1675 457 1727 Δεῖ
478 1673 573 1727 οῦν
606 1675 696 1728 τὸν
726 1675 855 1729 ὅντα
888 1677 987 1746 μὲν
1048 1677 1139 1730 ὑπ’
1170 1678 1361 1732 οὐδένα
1398 1677 1507 1730 τῶν
1559 1679 1617 1730 ἐν
1658 1680 1724 1749 τῇ

128 1768 232 1834 γῇ,
286 1766 451 1818 αὐτὸν
504 1766 560 1818 δὲ
631 1766 866 1836 ἄρχοντα
916 1769 1173 1821 ἁπάντων
1220 1768 1329 1821 τῶν
1358 1770 1415 1820 ἐν
1438 1772 1503 1839 τῇ
1529 1772 1598 1838 γῇ
1632 1770 1727 1821 καὶ

130 1855 315 1922 αὐτῆς
344 1856 443 1924 τῆς
474 1856 760 1923 γυναικὸς,
804 1858 943 1925 μετὰ
976 1858 1085 1910 τῶν
1129 1859 1416 1927 συμϐόλων
1444 1838 1543 1927 τῆς
1575 1862 1727 1911 ὲλευ-
1760 1838 1801 1892 Β

133 1946 357 2016 θερίας,
383 1948 633 2001 τουτέστι
656 1948 755 2017 τῆς
801 1950 1263 2003 ἀκατακαλύπτου
1288 1950 1531 2020 κεφαλῆς
1561 1968 1729 2022 προσ-

138 2037 285 2088 ιέναι
328 2037 469 2107 Θεῷ.
505 2038 598 2101 Είς
633 2040 743 2110 γὰρ
775 2040 930 2105 δόξαν
959 2041 1094 2094 Θεοῦ
1125 2042 1330 2109 ὀφείλει
1360 2044 1387 2095 ὀ
1408 2043 1550 2114 ἀνὴρ
1589 2044 1726 2096 ὑπο-

136 2130 409 2198 τετάχθαι
442 2130 520 2200 τῷ
567 2132 708 2201 Θεῷ,
745 2135 841 2185 καὶ
886 2136 961 2197 είς
989 2134 1145 2199 δόξαν
1168 2134 1381 2202 ἀνδρὸς,
1412 2137 1444 2203 ἡ
1474 2135 1612 2205 γυνὴ
1651 2136 1728 2207 τῷ

136 2221 326 2289 ἀνδρί.
355 2221 421 2272 Τί
450 2222 505 2273 δέ
536 2222 684 2275 ἐστιν
708 2225 788 2285 εἰς
808 2222 967 2286 δόξαν
993 2240 1009 2290 ;
1045 2223 1328 2286 Εὑπειθῶς
1346 2225 1441 2277 καὶ
1465 2225 1729 2289 ἑκουσίως

138 2312 289 2377 μετὰ
334 2315 509 2380 χαράς
542 2314 805 2383 πράττειν
836 2316 902 2369 τά
932 2317 1237 2385 ἀρέσκοντα
1265 2316 1409 2387 Θεῷ.
1453 2318 1729 2381 Ὡσαύτως

136 2406 235 2455 καὶ
282 2405 317 2472 ἡ
365 2404 502 2474 γυνὴ
564 2408 826 2476 πράττειν
860 2408 927 2461 τά
978 2408 1280 2477 ἀρέσκοντα
1309 2408 1387 2478 τῷ
1424 2409 1599 2478 ἀνδρί.
1640 2410 1727 2473 Ὠς

135 2495 232 2561 ὅγε
296 2496 440 2547 κατὰ
494 2497 615 2559 βίαν
646 2503 740 2551 καὶ
762 2500 909 2553 ἄκων
951 2500 1119 2552 ποιῶν
1154 2500 1251 2552 καὶ
1282 2500 1591 2570 δυσφορῶν,
1629 2502 1727 2570 οὐχ

137 2595 509 2647 ὑποτάσσεται
539 2596 617 2655 είς
646 2592 804 2654 δόξαν
843 2590 978 2642 Θεοῦ
1062 2590 1327 2653 ὡσαύτως
1361 2592 1481 2644 οὐδὲ
1508 2594 1540 2659 ἡ
1567 2593 1724 2663 γυνὴ,

136 2689 218 2748 εἰς
244 2687 407 2750 δόξαν
438 2686 648 2755 ἀνδρός.
686 2685 849 2736 Ὥστε
896 2684 978 2736 δεῖ
1031 2684 1330 2752 προθύμως
1374 2684 1725 2737 ἀκατακαλύ-

136 2796 289 2839 τττως
315 2777 599 2848 προσιέναι
616 2776 755 2844 Θεῷ,
780 2776 873 2827 uati.
894 2775 991 2843 τὴν
1015 2776 1249 2841 γυναῖκα
1271 2773 1533 2836 ὡσαύτως
1556 2792 1727 2826 κατα-

136 2870 531 2923 καλύπτεσθαι.
575 2887 592 2918 ι
633 2868 802 2932 Δόξαν
832 2865 990 2919 Θεοῦ.
1034 2884 1052 2916 ι
1082 2866 1195 2933 Τῆς
1225 2864 1402 2934 ἀρχῆς
1440 2866 1606 2919 αὑτοῦ
1635 2867 1729 2919 καὶ

138 2963 387 3026 ἐξουσίας
410 2964 468 3014 τὸ
499 2960 849 3030 τιμιώτατον.
883 2959 959 3010 Δι’
1002 2958 1164 3009 αὑτὸν
1196 2958 1306 3026 γάρ
1332 2957 1552 3026 μᾶλλον,
1591 2959 1623 3027 ἢ
1661 2958 1727 3010 δι’

135 3053 265 3105 ἄλλο
293 3070 347 3103 τι
368 3050 477 3103 τῶν
510 3053 567 3103 ὲν
598 3051 787 3117 κέσμῳ
818 3046 1156 3109 δεδόξασται,
1175 3047 1269 3097 καὶ
1296 3045 1356 3097 τὸ
1388 3044 1730 3115 ὑπερϐάλλον

1829 592 1958 662 pite.
2010 610 2027 644 ι
2068 592 2341 652 lnstructe
2377 594 2632 667 producit
2677 607 3011 651 sermonem.
3046 592 3249 651 Deinde
3273 611 3405 652 cau-

1829 697 1943 736 sam
1977 683 2158 739 reddit
2205 700 2307 740 cur
2350 701 2456 740 non
2489 690 2740 756 oporteat
2773 682 2950 738 virum
2994 691 3254 739 contecto
3282 698 3408 741 esse

1829 776 2040 843 capite:
2096 790 2204 831 non
2254 776 2508 845 primam,
2560 790 2758 846 nempe
2797 775 2941 844 quod
2994 782 3163 847 caput
3208 775 3407 831 habeat

1828 864 2133 929 Christum,
2177 864 2271 920 sed
2311 866 2513 919 aliam:
2576 886 2593 916 ι
2629 866 2768 919 Cum
2822 866 2895 920 sit
2924 864 3103 934 imago
3144 872 3199 919 et
3228 864 3407 935 gloria

1831 955 1947 1009 Dei.
1987 974 2004 1006 ι
2054 955 2238 1024 Imago
2262 956 2356 1011 Dei
2391 967 2474 1011 est
2508 957 2690 1019 homo,
2722 971 2831 1011 non
2853 958 3155 1011 secundum
3180 971 3405 1021 corpus,

1829 1063 1930 1102 nec
1979 1051 2280 1102 secundum
2335 1052 2612 1111 animant,
2665 1048 2759 1101 sed
2818 1057 3031 1101 tantum
3100 1050 3406 1102 secundum

1830 1139 2155 1193 dominium.
2189 1138 2371 1211 Imago
2401 1141 2568 1210 igitur
2597 1140 2685 1193 Dei
2721 1141 3030 1208 appellatur
3054 1147 3110 1193 ut
3150 1141 3239 1193 cui
3271 1156 3405 1193 ωηο»

1830 1227 2101 1281 creditum
2156 1231 2228 1282 sit
2272 1231 2577 1285 dominium
2622 1245 2745 1299 quae
2785 1244 2952 1299 super
3010 1240 3214 1284 terram
3252 1239 3403 1284 sunt.

1829 1315 2025 1372 Mulier
2047 1333 2177 1373 vero
2212 1329 2267 1372 ut
2298 1334 2417 1388 qua:
2439 1320 2543 1375 sub
2569 1320 2670 1375 viri
2697 1328 3028 1390 potestatem
3065 1320 3286 1375 redacta
3313 1321 3405 1386 sit,

1829 1409 1929 1460 viri
1982 1410 2160 1478 imago
2214 1419 2319 1471 est,
2375 1418 2428 1463 et
2470 1417 2729 1477 tanquam
2765 1409 3025 1479 imaginis
3062 1408 3257 1477 imago.
3296 1408 3409 1461 Do-

1828 1499 2070 1550 niinatur
2118 1498 2389 1567 siquidem
2444 1506 2497 1552 et
2530 1498 2647 1566 ipsa
2716 1498 2770 1551 in
2813 1499 2942 1552 alia.
2986 1499 3055 1552 At
3096 1497 3311 1568 jnsstun
3358 1496 3408 1550 ei

1828 1598 1915 1644 est
1964 1590 2079 1643 ιὶτο
2139 1588 2418 1645 subditam
2460 1604 2603 1645 esse.
2664 1609 2681 1641 ι
2724 1588 2861 1643 Cum
2897 1591 3068 1661 gloria
3103 1588 3197 1643 Dei
3249 1590 3340 1643 sit.
3383 1605 3403 1640 ι

1833 1680 1942 1736 lloc
1971 1689 2077 1745 est,
2112 1695 2236 1735 eum
2269 1677 2360 1733 Dei
2393 1679 2738 1750 principatus
2772 1681 2845 1735 sit
2887 1689 2941 1734 et
2978 1680 3081 1735 sub
3108 1679 3283 1735 solius
3313 1678 3409 1732 Dei

1829 1771 2163 1841 principatu.
2226 1771 2454 1839 Oportet
2514 1785 2646 1839 ergo
2673 1784 2800 1826 eum
2851 1770 2943 1840 qui
2999 1770 3102 1824 sub
3136 1770 3292 1825 nullo
3323 1776 3412 1824 est

1830 1880 2021 1919 eorum
2056 1880 2178 1932 qua:
2210 1864 2264 1916 in
2317 1871 2464 1915 terra
2519 1872 2668 1929 sunt,
2718 1863 2835 1933 ipse
2882 1877 3009 1917 vero
3046 1864 3301 1932 princeps
3326 1870 3412 1916 est

1833 1956 2077 2011 omnium
2113 1970 2235 2025 quae
2267 1964 2393 2008 sunt
2450 1955 2504 2007 in
2550 1961 2720 2020 terra,
2741 1964 2796 2007 et
2829 1954 3001 2023 ipsius
3030 1968 3251 2024 quoque
3286 1967 3412 2006 mu-

1831 2048 2011 2110 lieris,
2036 2062 2161 2101 cum
2196 2046 2451 2115 insiguiis
2482 2044 2775 2111 libertatis,
2810 2054 2936 2112 puta
2967 2046 3179 2098 detecto
3203 2043 3405 2112 capite,

1831 2138 1896 2191 ad
1934 2138 2103 2191 Deum
2138 2137 2423 2191 accedere.
2458 2134 2536 2187 Ad
2576 2134 2667 2188 Dei
2703 2133 2851 2189 enim
2880 2134 3109 2203 gloriam
3140 2132 3305 2187 debet
3325 2131 3410 2185 vir

1833 2229 2089 2284 subditus
2119 2244 2243 2283 esse
2271 2228 2404 2287 Deo,
2447 2235 2503 2280 et
2536 2226 2604 2280 ad
2636 2225 2736 2279 viri
2761 2225 2991 2294 gloriam
3041 2225 3237 2278 mulier
3266 2225 3405 2277 viro.

1831 2320 1971 2387 Quid
2026 2330 2112 2375 est
2162 2328 2343 2374 autem
2385 2318 2452 2372 ad
2505 2317 2779 2388 gloriam?
2822 2316 2935 2371 Hoc
2985 2325 3092 2383 est,
3156 2323 3408 2386 prompta

1831 2414 2142 2468 obedientia
2197 2424 2251 2467 et
2302 2411 2612 2467 voluntarie
2648 2426 2772 2466 eum
2810 2410 3010 2480 gaudio
3063 2409 3243 2463 facere
3288 2423 3410 2477 qua:

1834 2505 1944 2559 Deo
1980 2506 2219 2573 placent.
2252 2505 2515 2559 Similiter
2544 2513 2600 2558 et
2648 2504 2844 2557 mulier
2894 2502 3075 2557 facere
3105 2503 3264 2556 debet
3290 2516 3412 2570 qua:

1833 2599 1951 2651 viro
1980 2598 2198 2665 placent
2226 2616 2238 2650 :
2275 2596 2350 2649 ita
2382 2602 2443 2649 ut
2470 2595 2561 2664 qui
2603 2604 2830 2649 coactus
2871 2605 2922 2650 et
2956 2595 3164 2649 invitus
3198 2592 3330 2647 facit
3355 2598 3410 2646 et

1833 2688 2071 2757 graviter
2120 2686 2328 2750 ferens,
2375 2702 2484 2739 non
2514 2684 2772 2739 subditur
2812 2685 2880 2738 ad
2916 2685 3148 2756 gloriam
3189 2682 3305 2748 Dei,
3354 2689 3411 2736 et

1831 2779 2109 2841 similiter,
2142 2792 2243 2833 nec
2275 2777 2472 2831 mulier
2497 2777 2562 2830 ad
2599 2776 2697 2830 viri
2729 2777 2984 2845 gloriam.
3019 2778 3249 2845 Oportet
3278 2787 3410 2842 ergo

1833 2881 2082 2940 prompto
2118 2871 2306 2923 animo
2354 2872 2530 2922 virum
2574 2870 2693 2922 sine
2728 2869 3075 2937 operimento
3114 2866 3182 2919 ad
3235 2866 3404 2919 Deum

1832 2964 2113 3026 accedere,
2164 2971 2219 3015 et
2294 2963 2580 3015 mulierem
2648 2959 2903 3012 similiter
2965 2958 3198 3011 velatam
3258 2970 3407 3011 esse.

1838 3073 1856 3104 ε
1891 3052 2136 3107 Gloriam
2187 3051 2303 3105 Dei.
2350 3071 2367 3101 ι
2415 3050 2578 3120 525
2610 3049 2747 3103 Puta
2779 3048 2924 3118 quod
2960 3050 3013 3102 in
3050 3048 3223 3117 ipsius
3248 3047 3405 3116 prin-

138 3144 238 3209 τῆς
273 3143 647 3210 γρηστνίτητος
702 3139 868 3192 αὐτοῦ
925 3139 1018 3190 καὶ
1050 3137 1462 3205 φιλανθρωπίας
1494 3140 1725 3204 πεφανέ-

1832 3147 2013 3216 cipatn
2049 3161 2115 3199 ac
2151 3146 2391 3215 potentia
2426 3142 2981 3198 lionorabilissimum
3027 3148 3129 3193 est.
3182 3138 3410 3208 Propter

141 3249 332 3299 ρωται.
396 3232 671 3292 Ὡσαύτως
710 3230 835 3295 δόξα
896 3230 1089 3297 ἀνδρὸς
1147 3230 1179 3295 ἡ
1242 3230 1398 3296 γυνή.
1451 3228 1565 3296 Τῆς
1617 3229 1724 3299 γὰρ

140 3325 315 3394 ἀρχῆς
348 3323 511 3375 αὑτοῦ
542 3322 635 3374 καὶ
676 3320 950 3384 ἐξουσίας,
982 3319 1118 3387 αῦτη
1146 3320 1260 3370 ἐστι
1284 3319 1343 3369 τὸ
1368 3317 1723 3387 τιμιώτατον,

138 3412 292 3487 δι’ἦς
331 3415 530 3481 μᾶλλον
580 3414 609 3481 ἢ
650 3413 718 3464 δι’
770 3412 958 3480 ἐτέρου
1002 3427 1148 3472 τινος,
1194 3402 1269 3461 ὧν
1327 3410 1505 3479 ἄρχει,
1579 3410 1727 3464 ἐστιν

140 3509 290 3576 αύτῷ
332 3504 846 3573 ἐγκαλλωπίζεσθαι
901 3505 993 3555 καὶ
1045 3502 1399 3565 δοξάζεσθαι·
1439 3502 1611 3573 «Γυνὴ
1671 3503 1727 3556 δὲ

140 3596 268 3661 δόξα.
320 3596 513 3665 ἀνδρός
569 3597 739 3647 ἐστιν.
784 3613 801 3643 ι
835 3594 1149 3653 Τουτὲστιν,
1204 3592 1349 3663 ἀρχὴ
1383 3592 1597 3663 ἀνδρὸς,
1634 3595 1726 3647 καὶ

142 3689 247 3740 ὑπὸ
280 3690 460 3758 ἀρχὴν
495 3688 707 3758 ἀνδρός.
758 3690 849 3739 Δεῖ
881 3686 975 3740 οῦν
998 3687 1168 3759 αὐτὴν
1210 3686 1349 3755 μετὰ
1374 3686 1484 3739 τῶν
1517 3687 1724 3757 συμόὁ-

141 3780 246 3831 λων
286 3781 382 3848 τῆς
411 3781 689 3849 ὑποταγῆς
711 3775 851 3833 εἶναι
885 3779 991 3832 ἀεί.

1834 3254 1957 3293 cum
1999 3237 2142 3290 enim
2177 3236 2349 3305 magis
2390 3251 2552 3304 quam
2591 3244 2811 3304 pmpter
2852 3231 3001 3286 aliud
3037 3231 3317 3301 quidpiam
3356 3229 3409 3281 iu

1836 3327 2040 3379 mundo
2076 3328 2450 3395 gloriﬁcatur:
2510 3334 2560 3380 et
2604 3324 2918 3379 sublimitas
2967 3320 3410 3375 mansuetudinis

1834 3432 1897 3470 ae
1944 3417 2300 3486 benignitatis
2355 3416 2769 3470 manifestatur.
2814 3412 2991 3468 Simili
3030 3414 3193 3467 modo
3234 3413 3409 3482 gloria

1836 3510 1935 3560 viri
1976 3517 2061 3563 est
2094 3509 2309 3562 mulier.
2344 3506 2480 3561 Nam
2515 3507 2630 3560 haec
2666 3503 3207 3559 bonorabilissimum
3232 3512 3316 3558 est
3353 3502 3408 3555 in

1837 3601 1985 3655 illius
2045 3597 2357 3667 principatu
2412 3612 2476 3650 ac
2528 3603 2823 3667 potestate,
2880 3608 2977 3663 per
3017 3607 3183 3662 quam
3233 3590 3410 3659 magis

1833 3705 1995 3759 quam
2028 3704 2123 3758 per
2154 3687 2302 3741 aliud
2335 3701 2525 3741 eorum
2554 3686 2756 3754 quibus
2777 3683 3116 3749 dominatur,
3150 3680 3280 3735 licet
3305 3678 3410 3749 ipsi

1836 3796 1893 3836 ut
1921 3783 2019 3850 ipsi
2054 3782 2266 3849 placeat
2298 3794 2362 3833 ac
2386 3778 2674 3847 glorietur.
2714 3794 2733 3826 ι
2775 3773 2976 3829 Mulier
3012 3782 3198 3827 autem
3237 3770 3411 3840 gloria

144 3872 239 3923 viri
276 3880 382 3924 est.
426 3891 443 3921 ι
489 3870 598 3927 Iloc
634 3880 737 3934 est,
782 3871 1121 3940 principatus
1177 3869 1276 3921 viri
1314 3878 1367 3923 et
1392 3870 1496 3923 sub
1528 3870 1774 3926 dominio
1802 3874 1923 3925 viri.
1955 3872 2187 3942 Oportet
2213 3870 2381 3941 igitur
2403 3884 2523 3924 eam
2584 3882 2801 3935 semper
2862 3880 2985 3920 esse
3040 3879 3163 3919 cum
3222 3863 3408 3932 aliquo

143 3967 503 4035 subiectionis
534 3967 757 4021 indicio.

204 4061 290 4111 Οὐ
320 4056 433 4125 γάρ
461 4056 631 4110 ἐστιν
653 4056 807 4123 ἀνὴρ
837 4058 904 4109 ἐκ
944 4058 1247 4126 γυναικὸς,
1290 4058 1448 4113 due
1477 4060 1630 4127 γυνὴ
1661 4062 1729 4127 ἐξ

143 4148 384 4213 ἀνδρός.
448 4148 557 4199 Kal
615 4148 722 4215 γὰρ
776 4147 888 4199 οὐκ
952 4148 1198 4211 ἐκτίσθη
1248 4149 1403 4215 ἀνὴρ
1462 4149 1558 4201 διὰ
1616 4152 1730 4216 τὴν

147 4238 423 4306 γυναῖκα,
457 4238 618 4291 ἀλλὰ
664 4236 817 4303 γυνὴ
848 4237 945 4290 διὰ
995 4238 1102 4289 τὸν
1146 4237 1352 4304 ἄνδρα.
1417 4240 1517 4292 Διά
1552 4242 1728 4295 τοῦτο

148 4332 374 4399 ὀφείλει
403 4333 439 4393 ἠ
473 4329 624 4397 γυνὴ
651 4329 940 4392 ἐξουσίαν
970 4329 1133 4395 ἔχειν
1181 4330 1278 4381 ἐπὶ
1310 4331 1417 4395 τῆς
1454 4333 1725 4398 κεφαλῆς

148 4423 239 4475 διὰ
271 4422 405 4486 τοὺς
435 4420 748 4486 ἀγγέλους.
784 4420 955 4484 Πλὴν
982 4420 1122 4472 οὔτε
1138 4420 1293 4486 ἀνὴρ
1322 4422 1497 4488 χωρὶς
1525 4439 1726 4489 γυναι-

150 4516 273 4578 κὸς.
304 4513 444 4565 οὔτε
479 4511 632 4579 γυνὴ
668 4512 846 4579 χωρὶς
874 4511 1093 4579 ἀνδρὸς
1140 4512 1209 4563 ἐν
1240 4514 1453 4578 Κυρίῳ.
1500 4515 1727 4582 Ὠσπερ

152 4608 255 4673 γὰρ
287 4608 326 4671 ἡ
359 4603 513 4671 γυνὴ
537 4604 603 4655 ἐκ
645 4604 752 4656 τοῦ
777 4602 1019 4669 ἀνδρὸς,
1054 4603 1241 4666 οὕτως
1268 4603 1364 4654 καί
1396 4607 1429 4655 ὀ
1454 4604 1609 4670 ἀνὴρ
1631 4604 1729 4657 διὰ

154 4698 260 4762 τῆς
290 4698 595 4762 γυναικός.
623 4696 696 4747 Τὰ
715 4694 782 4745 δὲ
811 4694 1006 4746 πάντα
1030 4695 1095 4745 ἐκ
1126 4693 1231 4747 τοῦ
1266 4694 1433 4747 Θεοῦ.
1479 4697 1573 4746 Ἐν
1594 4697 1733 4761 ὑμῖν

152 4785 344 4849 αὐτοῖς
378 4784 635 4849 κρίνατε,
698 4782 924 4848 πρέπον
976 4783 1108 4835 ἐστι
1143 4782 1396 4849 γυναῖκα
1431 4783 1730 4835 ἀκατακά·

153 4880 386 4929 ,ιιοπτον
422 4872 500 4937 τῷ
529 4870 651 4936 Θεῷ
680 4872 1123 4939 προσεύχεσθαι
1148 4890 1166 4935 ;

216 4964 328 5025 Τὰς
352 4963 626 5030 ὑπεροχὰς
658 4962 948 5028 καταλέγει
990 4962 1085 5013 τοῦ
1137 4962 1351 5031 ἀνδρὸς,
1383 4960 1450 5014 δι’
1480 4961 1554 5024 ἃς.
1582 4961 1730 5031 αύτῷ

158 5056 211 5106 τὺ
241 5054 433 5123 ἄρχειν
461 5052 690 5104 δέδοται;
739 5070 756 5101 ι
794 5052 893 5103 Διὰ
952 5051 1110 5104 τοῦτο
1160 5053 1387 5122 ὀφείλει.
1432 5070 1451 5103 ι
1496 5053 1595 5105 Διὰ
1633 5055 1731 5114 τάς

158 5146 470 5215 εἰρημένας,
536 5144 723 5211 φησὶν,
780 5144 958 5205 αἰτίας
1004 5144 1209 5212 ὀφείλει
1264 5145 1510 5211 ἐξουσίαν
1562 5144 1725 5212 ἔχειν,

157 5235 433 5285 τουτέστιν
464 5232 750 5299 κάλυμμα,
788 5232 873 5282 ἵνα
909 5233 1165 5300 φαίνηται
1214 5236 1296 5287 ὃτι
1344 5234 1449 5286 ὑπὸ
1482 5234 1730 5299 ἐξουσίαν
1772 5266 1777 5269 -

158 5326 431 5393 τυγχάνει.
462 5325 536 5376 Τὸ
570 5326 676 5391 γάρ
725 5322 988 5389 κάλυμμα
1026 5325 1174 5377 κάτω
1204 5324 1380 5377 νεύειν
1418 5325 1511 5377 καὶ
1568 5341 1730 5376 κεκυ-

161 5418 310 5480 φέναι
342 5418 505 5479 ποιεί,
539 5415 677 5483 ὅπερ
708 5413 975 5481 σύμὸο).όν
1035 5416 1153 5466 ἐστι
1185 5416 1278 5467 καὶ
1318 5414 1590 5468 δεικτικὸν
1631 5411 1727 5465 τοῦ

162 5507 419 5578 ἄρχεσθαι
446 5507 639 5573 αὐτὴν.
681 5523 699 5556 ι
744 5507 808 5557 Ἠ
834 5506 970 5573 γυνὴ
1025 5506 1275 5572 ἐξουσίαν
1314 5506 1480 5574 ἔχειν.
1519 5524 1537 5556 ι
1573 5504 1730 5557 Τουτ-

164 5600 270 5651 ίστι
307 5598 404 5668 τὴν
461 5595 557 5650 τοῦ
605 5597 797 5667 ἀνδρὸς
832 5596 1080 5661 ἐξουσίαν
1110 5600 1201 5650 καὶ
1246 5598 1541 5667 κυριότητα
1587 5592 1727 5667 ᾗπερ

164 5690 465 5751 ὑπόκειται,
498 5688 705 5755 ὀφείλει
736 5688 900 5756 ἔχειν,
937 5689 1030 5740 καί¹
1083 5688 1488 5740 ἐπιδείκνυσθαι
1520 5690 1607 5739 ἐπ’
1632 5690 1727 5740 αὑ-

167 5784 255 5853 τῆς
302 5784 399 5852 τῆς
450 5778 714 5850 κεφαλῆς.
754 5779 925 5833 Τοῦτο
956 5780 1012 5834 δὲ
1043 5780 1153 5844 πῶς
1199 5780 1595 5851 κατορθοῦταις
1630 5781 1727 5833 Διὰ

1756 4484 1805 4541 D

1908 4057 1999 4119 XI,
2034 4056 2193 4112 8-i3.
2224 4053 2345 4107 Non
2372 4054 2510 4106 enim
2538 4062 2613 4106 est
2645 4053 2723 4105 vir
2746 4066 2811 4105 ea:
2837 4050 3078 4111 muliere,
3103 4047 3193 4101 sed
3221 4046 3412 4101 mulier

1834 4166 1900 4203 ea:
1926 4150 2057 4201 viro.
2096 4147 2275 4215 Neque
2321 4146 2459 4198 enim
2497 4153 2573 4198 est
2621 4145 2698 4196 vir
2737 4151 2943 4195 creatus
2979 4148 3190 4206 propter
3223 4137 3415 4190 mulie-

1833 4257 1964 4301 rem,
2005 4238 2093 4291 sed
2128 4238 2319 4289 mulier
2366 4246 2587 4304 propter
2623 4235 2814 4288 virum.
2851 4232 3064 4299 Propter
3121 4230 3216 4283 hoc
3263 4229 3412 4282 debet

1833 4332 2022 4383 mulier
2068 4338 2386 4396 potestatem
2426 4326 2616 4379 habere
2646 4326 2701 4378 in
2728 4325 2897 4390 capite
2921 4332 3133 4390 propter
3171 4321 3411 4390 angelos.

1836 4422 2047 4489 Alioqui
2082 4437 2243 4488 neque
2274 4420 2352 4472 vir
2379 4419 2579 4487 absque
2610 4418 2847 4477 muliere,
2871 4432 3033 4483 neque
3067 4414 3251 4466 mulier
3286 4414 3411 4466 abs-

1833 4528 1928 4580 que
1965 4512 2073 4565 viro
2100 4511 2153 4562 in
2188 4510 2432 4562 Domino.
2468 4506 2926 4572 Quemadmodum
2962 4503 3155 4557 mulier
3188 4516 3254 4554 ea:
3302 4500 3413 4553 riro

1834 4615 1933 4667 est,
1968 4606 2044 4656 ita
2074 4612 2122 4654 et
2158 4602 2234 4654 t-ir
2282 4616 2374 4667 per
2421 4600 2733 4652 mulierem:
2770 4598 2951 4651 omnia
3000 4611 3120 4649 vero
3169 4609 3234 4647 ex
3282 4592 3415 4646 Deo.

1836 4696 1982 4748 Inter
2013 4710 2100 4746 vos
2131 4694 2275 4760 ipsos
2298 4692 2543 4760 judicate
2570 4707 2587 4744 :
2622 4706 2748 4743 num
2768 4689 3022 4743 decorum
3042 4696 3119 4740 est
3143 4685 3416 4739 mulierem

1834 4801 1936 4836 non
1970 4784 2199 4837 velatam
2235 4782 2436 4835 orare?

1903 4960 2020 5014 Viri
2071 4960 2458 5030 praerogativas
2512 4958 2776 5022 ostendit,
2825 4965 3051 5027 propter
3107 4971 3253 5025 quas
3309 4956 3413 5025 ipsi

1833 5054 2019 5106 datum
2051 5064 2134 5106 est
2168 5050 2464 5104 dominari.
2512 5067 2529 5098 ι
2572 5047 2803 5118 Propter
2839 5051 2943 5103 Iioc
2964 5050 3147 5103 debet.
3188 5067 3206 5099 ι
3240 5048 3414 5118 Prop~

1834 5154 1917 5199 ter
1948 5146 2146 5208 dictas,
2176 5143 2377 5212 inquit,
2409 5157 2611 5197 causas
2642 5142 2803 5196 debet
2829 5150 3160 5210 potestatem
3185 5140 3412 5204 habere,

1834 5240 1883 5291 id
1921 5246 2004 5291 est
2071 5237 2503 5304 operimentmn:
2534 5244 2592 5287 ut
2625 5234 2975 5287 manifestum
3011 5232 3103 5284 [lat
3132 5232 3278 5300 quod
3311 5232 3417 5285 sub

1831 5329 2059 5381 alterius
2090 5334 2361 5395 potestate
2391 5326 2485 5380 sit.
2515 5326 2930 5394 Operimentum
2970 5324 3116 5377 enim
3152 5323 3411 5376 deorsum

1834 5420 2112 5489 respicere
2164 5433 2229 5471 ac
2266 5418 2533 5471 inclinare
2570 5417 2718 5481 facit,
2767 5417 2915 5484 quod
2966 5416 3182 5486 signum
3226 5422 3312 5468 est
3357 5422 3415 5466 et

1834 5510 2181 5565 ostensivum
2214 5509 2360 5577 quod
2390 5510 2493 5562 sub
2534 5508 2782 5562 dominio
2814 5508 2910 5564 sit.
2957 5526 2977 5559 ι
3013 5506 3180 5559 Debet
3216 5505 3418 5560 mulier

1835 5608 2156 5669 potestatem
2207 5600 2426 5652 habere.
2465 5618 2484 5649 ι
2538 5596 2652 5652 Hoc
2682 5608 2767 5652 est
2799 5598 2900 5649 viri
2964 5602 3299 5665 potestatem
3344 5608 3411 5648 ac

1831 5690 2133 5745 dominium
2166 5690 2253 5744 cui
2288 5690 2538 5752 subiacet
2567 5690 2730 5744 debet
2765 5691 2964 5742 habere
2990 5695 3046 5740 et
3076 5686 3131 5740 in
3162 5686 3283 5754 ipso
3316 5700 3413 5739 ca—

1830 5783 1939 5852 pite
1980 5782 2287 5837 ostendere.
2340 5779 2452 5835 Hoc
2500 5790 2682 5837 autem
2734 5778 3007 5851 quomodo
3075 5773 3417 5848 continget?
