4204 6464
147 421 245 482 8ὓ5

1053 416 1438 475 COMMENT.
1476 417 1556 478 ΙΝ
1601 417 1835 477 EPIST.
1870 418 1891 476 Ι
1934 419 2033 477 AD
2058 418 2415 480 CORlNTH.

3297 423 3402 488 806

143 536 454 602 διαλέγεται.
505 532 633 584 Δέον
676 529 786 598 γὰρ
825 530 1023 591 εἰπεῖν,
1065 527 1240 582 ταῦτα
1273 531 1334 582 οὐ
1379 531 1591 600 μυρίων
1612 530 1709 583 θα-

1817 531 2012 588 luisset
2047 542 2106 586 ιιι
2127 532 2370 587 diceret:
2415 535 2610 588 Annon
2637 534 2751 588 haec
2782 532 2928 586 mille
2955 535 3221 590 mortibus
3238 534 3400 606 digna

144 627 310 679 “ﬁo”-
361 624 523 688 ἀξιεη
575 621 762 692 φησίν,
825 640 843 671 ε
866 620 1176 674 Ἐπαινέσω
1209 621 1354 689 ὑμᾶς
1381 621 1472 672 ἐπὶ
1501 623 1712 691 τούτῳ;

142 720 247 773 Θὺκ
276 717 538 771 ἐπαινῶ.)
569 715 635 766 Τί
659 717 786 782 ὑμῖν
811 714 989 778 δοκεῖς
1029 715 1172 784 Ἀρα
1199 713 1527 784 παραλόγως
1562 711 1714 768 εἶπον

143 813 260 879 ὑμῖν
311 811 406 862 καὶ
475 807 776 879 ἀρχόμενος
832 809 932 874 τῆς
998 806 1309 868 ὑποθέσεως
1356 805 1559 871 ταύτης
1633 808 1714 859 ὅτι

142 903 230 954 οὐκ
259 901 499 965 ἐπαινῶς
529 902 651 969 οὐχὶ
677 900 771 952 καὶ
799 899 892 950 ἀπ’
927 898 1095 967 αὐτῆς
1110 901 1209 968 τῆς
1235 897 1346 950 τῶν
1371 900 1714 967 πραγμάτων

141 995 454 1058 ἀκολουθίας
503 995 757 1063 ἐμάθετε,
791 995 873 1046 ὅτι
910 993 968 1043 ἐν
993 992 1374 1064 ἐπαινουμένῳ
1423 994 1715 1062 πράγματι

139 1085 208 1152 τῷ
246 1085 509 1155 Κυριακῴ
542 1085 764 1154 δείπνῳ,
817 1084 988 1152 ψόγου
1019 1082 1178 1151 ὑμεῖς
1203 1082 1318 1135 ἀλλ’
1354 1084 1452 1136 οὐκ
1486 1085 1716 1136 ἐπαίνου

141 1176 254 1242 ἄξια
287 1175 720 1246 διαπράττεσθες
769 1176 932 1226 Ὥστε
965 1173 1074 1242 ἐγὼ
1101 1172 1328 1236 δικαίως
1351 1174 1454 1225 οὐκ
1486 1173 1715 1239 ἐπαινῶ,

140 1265 335 1335 καίπερ
362 1263 482 1318 καθ’
514 1265 650 1318 αὐτὸ
678 1263 966 1318 ἐπαινετοῦ
997 1263 1235 1335 μάλιστα
1265 1261 1358 1317 τοῦ
1395 1261 1556 1333 ἔργου
1590 1281 1719 1331 τυγ-

141 1357 410 1426 χάνοντος.

211 1485 350 1552 Ἐγὼ
405 1486 515 1554 γὰρ
563 1489 911 1553 παρέλαϐον
948 1486 1066 1540 ἀπὸ
1109 1486 1216 1540 τοῦ
1270 1486 1496 1554 Κυρίου
1527 1484 1558 1538 ὃ
1618 1486 1715 1538 καί

139 1579 444 1646 παρέδωκα
461 1577 618 1645 ὑμῖν,
668 1578 757 1631 ὅτι
791 1581 823 1631 ὁ
851 1580 1063 1647 Κύριος
1101 1577 1338 1645 Ἰησοῦς
1360 1579 1430 1630 ἐν
1455 1575 1526 1644 τῇ
1544 1578 1717 1631 νυκτὶ

141 1663 568 1738 ᾗπαρεδίδοτο,
615 1669 831 1722 ἔλαϐεν
868 1670 1071 1736 ἄρτον,
1105 1671 1202 1722 καὶ
1238 1669 1716 1738 εὐχαριστήσας.

139 1764 357 1816 ἔκλεισε
372 1765 467 1816 καὶ
496 1760 648 1817 εἴπεο
695 1764 938 1826 Λάϐετε,
965 1765 1202 1833 φάγετε,
1230 1765 1410 1819 τοῦτό
1433 1784 1513 1835 [to
1587 1767 1718 1818 ἐστι

1816 621 1976 674 sunt?
1997 622 2157 693 53o
2175 623 2251 676 ait
2280 641 2293 675 :
2326 642 2342 673 ι
2370 622 2629 678 Laudabo
2658 638 2754 678 vos
2785 623 2838 677 in
2862 621 3139 677 bociNou
3162 623 3347 679 laudo.
3380 643 3396 675 ι

1816 711 1956 777 Quid
1989 716 2147 768 vobis
2170 714 2388 769 videtur
2411 716 2433 768 ?
2456 717 2535 769 An
2568 724 2768 785 praeter
2805 718 3070 770 rationem
3092 714 3206 769 dixi
3249 718 3405 772 vobis

1816 805 1980 858 etiam
2015 805 2068 857 in
2101 806 2258 861 initio
2290 805 2453 877 hujus
2488 810 2796 876 argumenti
2841 810 2987 876 quod
3034 823 3143 861 non
3211 807 3398 860 lauda-

1818 908 1930 946 rem
1959 893 2184 948 ?annon
2217 912 2281 949 ex
2335 897 2454 965 ipsa
2495 911 2712 965 quoque
2767 913 2950 952 rerum
3008 898 3400 966 consequentia

1819 985 2107 1048 didicistis,
2147 988 2292 1058 quod
2332 990 2384 1042 in
2419 980 2477 1044 rc
2528 988 2824 1054 laudanda,
2866 1005 3062 1060 nempe
3118 991 3400 1044 Dominiea

1818 1093 2002 1144 coma,
2041 1095 2139 1135 vos
2173 1083 2443 1150 vituperio
2465 1093 2518 1137 et
2549 1099 2658 1138 non
2692 1083 2848 1138 laude
2872 1083 3033 1152 digna
3059 1084 3347 1152 peregistis
3376 1083 3401 1135 ἲ

1818 1165 1973 1222 Juste
2024 1171 2208 1240 itaque
2278 1188 2398 1242 ego,
2455 1175 2653 1244 inquit,
2709 1190 2815 1228 non
2873 1173 3129 1238 laudabo,
3184 1174 3398 1230 etiamsi

1819 1273 1956 1326 apus
1982 1259 2036 1312 in
2065 1275 2124 1314 se
2148 1261 2218 1315 sit
2251 1265 2487 1319 maxime
2521 1267 2814 1322 laudabile.

1895 1487 1984 1552 XI,
2019 1489 2212 1545 23-25.
2268 1492 2376 1560 Ego
2415 1493 2550 1545 enim
2591 1495 2768 1560 accepi
2817 1511 2846 1544 α
2879 1491 3103 1544 Domino
3149 1493 3285 1562 quod
3352 1505 3400 1545 at

1824 1576 2023 1629 tradidi
2051 1579 2214 1644 vobis,
2255 1582 2392 1649 quod
2454 1582 2708 1635 Dominus
2768 1580 2924 1636 Iesus
2981 1599 3043 1636 ea
3093 1594 3242 1636 nocte
3299 1600 3400 1650 qua

1823 1668 2135 1722 tradebatur
2163 1674 2364 1739 accepit
2399 1688 2609 1739 panem,
2664 1689 2881 1742 cumque
2925 1675 3130 1743 gratias
3191 1675 3397 1743 egisset,

1820 1761 1974 1832 {regit
2003 1779 2065 1814 ac
2091 1764 2227 1816 dixit
2258 1781 2274 1816 :
2304 1765 2557 1832 Accipite,
2582 1767 2737 1826 ettite,
2761 1767 2856 1817 hoc
2885 1777 2960 1842 est
2993 1783 3180 1834 corpus
3204 1783 3398 1828 meum,

138 1859 197 1910 τὸ
225 1858 415 1926 σῶμα,
447 1859 510 1910 τὸ
554 1857 706 1924 ὑπὲρ
739 1855 903 1925 ὑμῶν
937 1856 1264 1926 κλώμενον.
1289 1858 1468 1912 Τοῦτο
1492 1858 1714 1923 ποιεῖτε

1819 1859 1957 1924 quod
1991 1871 2089 1924 pro
2133 1857 2272 1911 vobis
2305 1856 2590 1925 frangitur,
2619 1859 2713 1910 hoc
2745 1858 2902 1925 facile
2933 1859 2984 1911 in
3019 1859 3120 1912 mei
3173 1875 3400 1912 comme-

139 1953 214 2016 είς
260 1950 376 2018 τὴν
431 1951 586 2018 ἐμὴν
638 1949 1004 2018 ἀνάμνησιν.
1051 1950 1351 2015 Ὡσαύτως
1375 1951 1471 2003 καὶ
1508 1950 1573 2002 τὸ
1605 1967 1707 2002 :zo-

141 2041 330 2110 τήριον
377 2043 529 2110 μετὰ
576 2044 642 2094 τὸ
703 2040 1029 2108 δειπνῆσαι
1061 2082 1076 2105 ,
1132 2041 1360 2110 λέγων·
1411 2041 1595 2096 Τοῦτο
1649 2041 1712 2093 τὸ

142 2133 421 2201 ποτήριον
448 2135 484 2201 ἠ
529 2131 705 2200 καινὴ
746 2131 1005 2199 διαθήκη
1042 2133 1237 2196 ἐστιν,
1259 2133 1328 2184 ἐν
1354 2130 1432 2196 τῷ
1472 2132 1591 2199 ἐμῷ
1619 2133 1709 2184 αἵ-

137 2240 281 2286 ιιτιτι.
358 2224 538 2276 Τοῦτο
599 2223 842 2286 ποιεῖτε,
899 2222 1115 2288 ὁσάκις
1152 2224 1229 2276 ἂν
1248 2224 1461 2291 πίνητε
1489 2227 1576 2288 είς
1602 2223 1714 2291 τὴν

143 2314 279 2384 ἐμὴν
309 2315 676 2384 ἀνάμνησιν.

205 2451 389 2503 Καίτοι
455 2453 515 2502 οὐ
581 2451 760 2519 παρῆν
822 2451 945 2504 τότε
985 2451 1014 2503 ὁ
1083 2451 1314 2514 Παῦλος.
1369 2452 1493 2512 Πῶς
1540 2452 1708 2519 λέγει’

149 2561 163 2592 ι
196 2544 331 2610 Ἐγὼ
386 2543 698 2612 παρέλαϐον
731 2542 838 2595 ἀπὸ
860 2544 954 2594 τοῦ
988 2544 1232 2613 Κυρίου;
1267 2543 1433 2598 Ἀλλὰ
1463 2544 1557 2596 νῦν
1575 2561 1714 2612 παρ-

145 2636 268 2687 έστι.
331 2637 439 2688 Καὶ
468 2635 578 2705 γάρ
645 2634 760 2696 νῦν,
804 2635 996 2702 ὁμοίαν
1027 2635 1244 2704 ἐκείνης
1276 2636 1410 2705 ἡμῖν
1452 2638 1480 2688 ὁ
1506 2636 1712 2706 Κύριος

145 2727 465 2796 παρατίθητι
486 2727 784 2795 τραπέζαν.
805 2755 874 2765 -
915 2728 1013 2780 Ἤ.
1038 2727 1185 2789 Ὅτι,
1205 2726 1519 2796 Ἐδιδάχθην
1543 2727 1711 2781 ταῦτα

144 2819 240 2869 ἀπὸ
264 2817 356 2871 τοῦ
402 2818 633 2887 Κυρίου,
687 2819 775 2872 ἵνα
877 2820 936 2870 τὸ
971 2837 989 2867 ι
1021 2819 1356 2888 Παρέλαδον,
1384 2840 1401 2869 ι
1438 2820 1562 2872 ἀντὶ
1591 2819 1708 2884 τοῦ,

150 2909 521 2979 «Ἐδιδςὶχθην.
552 2929 569 2959 ι
601 2940 668 2949 -
709 2928 727 2960 ι
756 2910 878 2962 Ὅτι
918 2911 945 2960 ὁ
974 2909 1182 2980 Κύριος
1205 2909 1433 2978 Ἰησοῦς.
1461 2928 1480 2960 ι
1526 2911 1712 2962 Ταῦτα

151 3005 506 3072 παρήγγειλεν
538 3002 574 3055 ἃ.
597 3002 746 3069 λέγει
797 3001 1119 3068 παρέδωκα,
1161 3003 1251 3054 ἵνα
1280 3001 1582 3071 ἐνδείξηται
1608 3003 1709 3068 ἔτι,

157 3094 208 3145 '0
248 3093 449 3163 Κύριος
507 3093 665 3161 ἡμῶν
702 3091 887 3161 κοινῆς
925 3091 1204 3162 τραπέζης
1243 3091 1304 3143 οὐ
1363 3093 1524 3160 μόνον
1584 3094 1712 3154 τοὺς

148 3186 319 3252 ἁγίους
395 3184 663 3254 μαθητάς,
706 3185 843 3236 ἀλλὰ
873 3186 967 3236 καὶ
990 3183 1153 3236 αὐτὸν
1187 3183 1280 3237 τὸν
1317 3183 1587 3258 προδότην
1615 3185 1712 3238 αὑ-

147 3277 229 3344 τῆς
266 3277 496 3344 ἠξίωσε,
530 3276 622 3327 τὸν
643 3275 858 3344 ἐχθρὸν,
886 3275 976 3326 τὸν
1020 3274 1401 3344 παμπόνηρον,
1427 3277 1522 3326 καὶ
1547 3275 1709 3343 ὑμεῖς

145 3367 428 3432 ἀπαξιοῦτε
470 3367 809 3422 συνδειπνεῖν
842 3367 1072 3438 πένησις
1115 3367 1206 3418 καὶ
1229 3368 1312 3419 ὅτι
1349 3367 1709 3434 σταυροῦσθαι

147 3461 355 3529 μέλλων,
403 3461 614 3530 ταύτην
684 3464 816 3530 ἡμῖν
870 3461 968 3530 τὴν
1022 3460 1416 3529 μυσταγωγίαν
1469 3462 1709 3528 ἐσχάτην

147 3554 472 3622 παρέδωκεν,
507 3553 620 3606 ἀλλ’
663 3554 820 3620 ὑμεῖς
860 3551 1030 3621 αὐτὴν
1066 3550 1428 3620 διεφθείρετε.
1459 3581 1527 3590 —-
1565 3554 1706 3606 Ἀλ-

145 3645 267 3706 λως.
295 3645 406 3696 Είό
435 3644 661 3710 Κύριος.
719 3646 873 3712 φησὶ,
919 3643 1196 3694 κοινωνεῖν
1243 3657 1302 3692 σε
1353 3641 1446 3693 τοῦ
1509 3643 1709 3694 οἰκείου

147 3734 379 3801 σώματος
411 3734 511 3785 καὶ
535 3734 634 3800 τῆς
667 3731 937 3799 μυστικῆς
971 3731 1253 3800 τραπέζης
1275 3731 1374 3783 οὐκ
1400 3732 1705 3797 ἀπηξίωσε.

148 3823 202 3873 σὺ
227 3825 335 3885 τοῖς
378 3825 494 3885 σοῖς
535 3820 786 3885 άπαξιοίς
819 3822 911 3874 τὶν
951 3821 1271 3887 ὀμόδουλον;
1294 3849 1362 3859 -
1389 3823 1457 3874 Ἦ
1483 3821 1580 3874 καί
1610 3823 1709 3874 οῦ-

148 3931 266 3980 τως.
290 3917 350 3968 ΕΞ
373 3917 400 3967 ὁ
435 3915 644 3982 Κύριος
690 3913 890 3979 ἐπίσης
929 3929 1011 3965 σοι
1051 3913 1144 3965 καὶ
1166 3912 1242 3981 τῷ
1269 3911 1464 3980 πένητι
1500 3913 1594 3964 τοῦ
1625 3916 1706 3965 οἰ-

148 4009 278 4059 κείου
342 4007 598 4076 σώματος
648 4008 742 4058 καὶ
805 4005 1039 4074 αἵματος
1067 4002 1166 4074 τὴν
1188 4003 1467 4073 τραπέζαν
1492 4005 1583 4056 καὶ
1610 4004 1708 4073 τὴν

149 4099 382 4168 κρατῆρα
445 4095 806 4166 παρατίθησι,
856 4096 921 4147 σὺ
972 4093 1176 4163 τολμᾷς
1240 4094 1428 4146 τοῦτον
1469 4095 1566 4162 τῆς
1611 4098 1708 4163 σῆς

149 4189 444 4257 ἀποσχίζειν
506 4186 788 4256 τραπέζης
852 4185 946 4237 καὶ
1029 4186 1349 4254 ὐπερορᾷν;
1405 4186 1465 4238 Εἰ
1504 4187 1708 4248 ἐκεῖνος

150 4281 448 4349 ηὒχαρίστει
481 4279 542 4330 τὸ
570 4280 769 4330 οἰκεῖον
800 4279 958 4344 6ιῖ)μύῑ
1012 4277 1251 4346 μερίζων
1284 4277 1380 4330 καὶ
1408 4278 1606 4341 διδοῦς’
1642 4279 1706 4331 σὺ

149 4373 198 4424 οὔ
224 4371 395 4440 πολλῷ
461 4369 664 4439 μᾶλλον
715 4368 1056 4436 εὐχαρίστως
1128 4368 1223 4420 καὶ
1277 4369 1416 4436 μετὰ
1447 4369 1707 4438 πλείστης

150 4467 305 4534 χαρᾶς
360 4465 471 4516 τῶν
495 4461 706 4514 ἐκεῖθέν
736 4476 818 4512 σοι
856 4459 1212 4530 δωρηθέντων
1269 4463 1561 4523 κοινωνοὺς
1613 4461 1707 4513 καὶ

1818 1950 2188 2002 morationem.
2213 1949 2291 2002 Ad
2322 1948 2558 2002 cun-idem
2590 1947 2803 2001 modum
2835 1959 2883 2002 et
2913 1949 3160 2015 poculum
3187 1959 3400 2018 peracta

1817 2053 1986 2098 creua.
2016 2039 2193 2092 dicens
2226 2057 2236 2092 :
2274 2039 2383 2090 Hoc
2410 2040 2656 2106 poculum
2683 2049 2760 2094 est
2797 2055 2983 2094 novum
3031 2049 3398 2093 testantentum

1811 2145 1904 2197 per
1937 2148 2105 2184 meum
2130 2135 2458 2201 sanguinem.
2497 2131 2610 2185 llor
2633 2133 2795 2201 facite
2829 2135 3236 2205 quotiescunque
3259 2132 3403 2186 bibe-

1816 2224 1931 2276 ritis
1961 2225 2014 2276 in
2054 2226 2152 2277 mei
2180 2226 2748 2278 commemorutionent.

1891 2450 2056 2520 Atqui
2087 2449 2288 2506 Paulus
2323 2459 2453 2506 tunc
2486 2467 2597 2506 non
2665 2449 2876 2506 aderat.
2928 2451 3214 2518 Quomodo
3271 2471 3400 2525 ergo

1814 2544 1990 2598 dicit:
2032 2559 2050 2592 ι
2092 2543 2202 2611 Ego
2228 2543 2411 2609 accepi
2447 2556 2475 2593 a
2507 2541 2781 2595 Domino?
2819 2562 2837 2592 ι
2872 2542 2977 2596 Sed
3024 2560 3174 2600 nunc
3223 2546 3398 2602 adest.

1814 2632 2026 2688 Etenim
2077 2645 2226 2685 nunc
2271 2631 2345 2684 illi
2387 2630 2618 2684 similem
2663 2631 2887 2698 apponit
2929 2632 3087 2687 nobis
3137 2631 3398 2688 Dominus

1813 2739 2082 2777 mensam.
2110 2752 2178 2761 —
2200 2723 2327 2776 Aut.
2353 2722 2590 2776 Edoctus
2626 2737 2771 2786 sum,
2804 2722 3002 2791 inquit,
3038 2724 3092 2777 in
3127 2724 3214 2780 liis
3239 2740 3270 2779 a
3294 2723 3399 2778 Do-

1814 2815 1984 2876 mino,
2015 2822 2110 2867 uti
2155 2815 2352 2881 Accepi
2397 2832 2414 2864 ι
2453 2822 2696 2866 sumatur
2732 2829 2829 2882 pro
2861 2831 2879 2865 ι
2918 2813 3154 2870 Edoetus
3187 2832 3333 2880 sum,
3373 2836 3391 2867 ι

1812 2934 1883 2945 -
1911 2923 1930 2955 ‹
1969 2905 2123 2970 Quod
2142 2904 2405 2960 Dominus
2428 2904 2590 2960 Jesus
2613 2921 2674 2958 ea
2705 2914 2864 2961 nocte
2885 2923 2990 2977 qua
3018 2911 3354 2965 tradebatur.
3373 2931 3390 2963 ι

1815 2995 1940 3047 Hzcc
1968 2995 2221 3063 praecepit
2261 3010 2382 3063 qua:
2415 3011 2537 3065 ego,
2576 2997 2772 3064 inquit,
2826 2999 2983 3053 vobis
3043 3001 3265 3055 tradidi.
3331 3018 3395 3057 ac

1813 3082 1859 3136 si
1889 3082 2082 3137 dicat:
2129 3085 2389 3138 Dominus
2431 3096 2621 3140 noster
2671 3091 2948 3142 communi
3017 3108 3204 3146 mensa
3285 3109 3392 3148 non

1815 3182 2036 3227 sanctos
2063 3175 2222 3228 modo
2248 3174 2571 3244 discipulus,
2606 3179 2698 3232 sed
2725 3185 2778 3232 et
2824 3179 3000 3249 ipsum
3059 3183 3390 3251 proditorem

1811 3280 1872 3318 ea
1907 3267 2164 3334 dignatus
2195 3276 2300 3328 est,
2335 3271 2616 3324 inimicum
2651 3273 3160 3334 sceleratissimum.
3211 3284 3264 3329 et
3299 3293 3394 3330 vos

1811 3357 2183 3426 dedignamini
2210 3375 2315 3413 una
2345 3376 2468 3415 cum
2496 3377 2622 3431 pau'
2642 3364 2827 3418 eribus
2858 3368 3116 3421 caenare?
3158 3382 3394 3436 cumque

1813 3452 2220 3522 cruciligcndus
2249 3463 2417 3517 esset,
2471 3455 2613 3509 banc
2649 3457 2810 3510 nobis
2857 3471 3072 3511 sacram
3141 3459 3392 3515 traditio-

1812 3555 1934 3595 nem
1965 3543 2181 3612 reliquit
2209 3544 2587 3609 novissimam,
2623 3555 2679 3599 at
2711 3562 2808 3600 vos
2842 3549 3011 3616 ipsam
3042 3554 3389 3618 corrupistis.

1810 3632 2005 3684 —-Alio
2054 3637 2226 3688 modo.
2255 3636 2310 3689 Si
2349 3635 2635 3701 Dominus,
2671 3638 2870 3708 inquit,
2907 3648 2959 3694 te
2980 3655 3087 3695 non
3129 3643 3390 3714 dedigna-

1811 3729 1899 3776 tus
1927 3733 2010 3778 est
2032 3727 2161 3793 quin
2197 3729 2420 3796 proprio
2458 3729 2630 3796 ipsius
2655 3732 2870 3799 corpori
2899 3747 2962 3786 ac
2993 3749 3193 3788 mensa:
3239 3752 3388 3803 mys-

1812 3815 1932 3869 tica:
1962 3822 2419 3883 communicares,
2449 3822 2725 3888 quomodo
2759 3828 2815 3875 tu
2848 3838 3178 3878 conservum
3231 3837 3386 3881 tuum

1811 3909 2120 3977 dedignaris
2158 3926 2226 3965 ne
2276 3913 2385 3966 tuis
2420 3914 2583 3967 rebus
2634 3915 3133 3970 communiceti—
3159 3920 3260 3972 Aut
3291 3921 3388 3972 Iwc

1809 3999 1969 4053 etiam
2006 4001 2180 4054 modo.
2217 4001 2272 4054 Si
2314 4003 2574 4058 Dominus
2619 4021 2682 4059 ex
2720 4021 2877 4075 aequo
2919 4009 3016 4062 tibi
3048 4023 3110 4062 ac
3161 4014 3382 4080 pauperi

1812 4107 2053 4145 mensam
2099 4094 2303 4161 proprii
2329 4097 2579 4162 corporis
2613 4105 2666 4150 et
2689 4099 2972 4168 sanguinis
3005 4113 3068 4154 ac
3123 4105 3380 4170 poculum

1812 4184 1994 4246 tradit,
2034 4195 2087 4237 tu
2119 4186 2261 4238 hunc
2301 4189 2469 4241 audes
2494 4205 2522 4240 a
2559 4197 2648 4242 tua
2687 4205 2874 4244 mensa
2896 4192 3139 4248 dividere
3178 4210 3240 4248 ac
3288 4196 3384 4249 de-

1809 4277 2066 4344 spicere?
2097 4275 2152 4329 Si
2191 4277 2281 4330 ille
2309 4278 2514 4347 gratias
2548 4279 2652 4347 agit
2701 4281 2792 4348 qui
2862 4285 3140 4351 ρι·ονι·ίυιιι
3189 4285 3384 4340 dividit

1812 4368 2084 4436 traditque
2100 4383 2323 4436 corpus,
2350 4377 2406 4420 tu
2432 4385 2539 4422 non
2566 4371 2740 4424 multo
2763 4374 2932 4443 magis
2951 4377 3152 4443 gratias
3174 4382 3382 4444 agendo

1809 4467 1862 4510 et
1895 4459 2132 4512 maxime
2168 4473 2291 4512 cum
2329 4458 2527 4527 gaudio
2592 4461 2644 4513 in
2705 4461 2790 4515 bis
2839 4479 2960 4532 quae
3013 4479 3042 4516 a
3106 4467 3212 4519 Deo
3280 4469 3378 4519 tibi

153 4557 555 4625 συνεστιάτορας
585 4554 884 4622 λαμϐάνεις
928 4551 1055 4613 τοὺς
1121 4553 1400 4621 πένηταςς
1441 4571 1459 4604 ι
1481 4555 1592 4605 Καὶ
1622 4554 1707 4605 εὑ-

1814 4548 2013 4602 donata
2037 4561 2188 4615 sunt,
2221 4552 2404 4605 socios
2432 4568 2494 4605 ac
2525 4554 2784 4606 convivas
2810 4556 3045 4625 accipies
3074 4573 3336 4626 pauperes
3357 4561 3383 4613 ?

149 4648 488 4716 χαριστήσας.
525 4663 542 4694 ι
585 4645 645 4696 '0
681 4643 885 4712 Κύριος
916 4643 1345 4712 εὐχαριστήσας,
1379 4643 1576 4695 ἔκλασε
1615 4645 1707 4697 καὶ

153 4737 302 4790 ἔδωκε
334 4740 448 4798 τοῖς
493 4736 780 4806 μαθηταῖς.
829 4733 890 4784 El
922 4735 1099 4785 τοίνυν
1123 4733 1211 4785 ἐπ’
1253 4734 1572 4804 εὐχαριστίᾳ
1614 4736 1708 4787 καὶ

155 4830 210 4880 σὺ
256 4829 420 4898 ἔρχῃ,
481 4825 652 4895 μηδὲν
703 4824 922 4888 ἀνάξιον
979 4823 1122 4875 ποίει
1179 4823 1279 4893 τῆς
1331 4825 1706 4894 εὐχαριστίας,

157 4920 373 4987 μεθύων,
396 4921 493 4972 καὶ
518 4917 666 4986 λιμῷ
692 4917 786 4968 καὶ
814 4915 969 4987 ὕϐρει
999 4915 1326 4984 διαφθείρων
1341 4917 1432 4968 τὸν
1464 4916 1704 4985 πένητα;

160 5011 412 5074 «Λάϐετε,
467 5011 699 5077 φάγετε.
731 5027 749 5058 ι
789 5009 962 5070 Αὐτὸς
995 5008 1113 5076 μὲν,
1142 5009 1298 5076 φησὶ,
1323 5011 1476 5078 κοινῇ
1508 5008 1705 5060 δέδωκε

153 5102 290 5164 πᾶσι,
316 5104 376 5154 σὺ
407 5103 463 5154 δὲ
502 5101 702 5152 σαυτὸν
743 5098 1056 5166 ἀποσχίζεις
1079 5098 1189 5149 τῶν
1212 5098 1462 5166 πενήτων
1493 5100 1586 5148 καὶ
1612 5099 1704 5149 τοῦ

152 5192 232 5258 τῆς
286 5190 613 5258 Ἐκκλησίας
687 5188 958 5257 σώματος.
1020 5204 1038 5236 ι
1080 5185 1353 5246 Ὡσαύτως
1387 5187 1479 5238 καὶ
1512 5187 1571 5238 τὸ
1608 5203 1703 5237 ποι

153 5283 338 5349 τήρων,
379 5302 396 5335 ι
451 5279 565 5334 Ἦν
598 5281 706 5348 γὰρ
769 5281 862 5332 καὶ
913 5279 1004 5332 ἐπὶ
1052 5281 1150 5346 τῆς
1181 5279 1416 5339 παλαιᾶς
1447 5279 1704 5347 ποτήρια,

155 5374 202 5423 ἐν
224 5370 296 5436 οἷς
347 5374 629 5435 ἔσπενδον,
682 5373 774 5423 καὶ
835 5374 973 5438 μετὰ
1003 5370 1064 5420 τὸ
1103 5371 1264 5423 θῦσαι
1313 5371 1390 5431 δὲ,
1451 5369 1513 5420 τὸ
1565 5364 1708 5437 αἷμα

154 5464 246 5516 τῶν
272 5466 476 5534 ἀλόγων
515 5467 575 5518 ἐν
613 5465 727 5525 τοῖς
765 5462 1043 5531 ποτηρίοις
1095 5463 1396 5532 δεχόμενοι,
1428 5460 1704 5514 ἔσπενδον.

165 5556 294 5610 ’Λντὶ
323 5557 413 5613 οὖν
478 5557 578 5611 τοῦ
639 5558 870 5626 αἵματος
917 5557 1026 5608 τῶν
1059 5557 1292 5623 ἀλόγων,
1327 5558 1386 5608 τὸ
1415 5555 1546 5608 ίδιον
1567 5551 1707 5623 αἷμα

155 5645 599 5714 ὀΚύριοςδίδωσι.
651 5644 848 5707 Καλῶς
874 5645 952 5709 δὲ,
985 5645 1042 5696 ἐν
1094 5644 1358 5714 ποτηρίῳ,
1417 5643 1502 5695 ἴνα
1557 5643 1707 5715 δείξῃ

157 5735 238 5805 τὴν
291 5741 524 5794 παλαιὰν
586 5736 747 5790 τοῦτο
816 5737 1389 5807 προσκιαγραφοῦσαν.
1421 5736 1516 5788 Διὰ
1553 5736 1708 5788 τοῦτο

161 5821 319 5880 εἶπεν·
367 5851 384 5881 ι
408 5831 468 5884 'll
503 5828 668 5898 καινὴ
692 5829 922 5898 διαθήκη
956 5828 1103 5881 ἐστὶν
1131 5831 1188 5881 ἐν
1212 5827 1288 5897 τῷ
1309 5825 1426 5896 ἐμῷ
1457 5826 1664 5895 αἵματι,
1683 5847 1699 5875 ι

1811 4638 1965 4710 531
2017 4660 2035 4692 ι
2073 4642 2317 4710 Cumque
2343 4644 2547 4710 gratias
2587 4645 2804 4714 egisset.
2850 4664 2868 4695 ι
2929 4648 3063 4700 Cum
3117 4649 3382 4705 Dominus

1808 4732 2010 4796 gratias
2034 4731 2251 4797 egisset,
2283 4730 2442 4799 fregit
2466 4746 2529 4784 ac
2583 4732 2733 4784 dedit
2777 4732 3084 4802 discipulis.
3143 4731 3198 4788 Si
3251 4753 3380 4805 ergo

1809 4833 1859 4875 et
1887 4830 1939 4874 tu
1973 4837 2094 4875 cum
2121 4824 2420 4890 gratiarum
2452 4825 2670 4878 actione
2703 4827 2882 4885 venis,
2912 4841 2978 4878 an
3009 4827 3141 4880 nihil
3173 4832 3376 4894 gratia-

1810 4929 1927 4966 rum
1955 4916 2173 4968 actionc
2207 4914 2346 4971 facis
2382 4917 2692 4986 indignum,
2731 4919 2822 4987 qui
2874 4934 2995 4971 cum
3069 4921 3379 4982 inebriet-is,

1811 5020 2096 5073 pauperem
2125 5005 2263 5060 fame
2283 5023 2344 5061 ac
2369 5008 2562 5075 injuria
2585 5007 2770 5076 perdis
2795 5009 2817 5059 ’ί
2844 5028 2863 5060 ι
2890 5011 3156 5079 Accipite,
3179 5013 3375 5066 edite.»

1810 5095 1926 5162 Ipse
1963 5097 2182 5166 quidem
2225 5099 2480 5152 omnibus
2514 5099 2684 5162 dedit,
2721 5111 2776 5154 tu
2818 5117 2945 5155 vero
3003 5104 3232 5170 teipsum
3284 5120 3374 5158 sc-

1809 5204 1970 5258 paras
2007 5205 2033 5241 a
2070 5191 2405 5261 pauperibus
2435 5200 2488 5244 et
2521 5193 2589 5246 ab
2621 5193 2794 5261 ipsius
2832 5194 3085 5249 Ecclesia:
3123 5211 3376 5264 corpore.

1813 5299 1831 5332 ι
1875 5283 1953 5334 Ad
1986 5285 2233 5337 eumdem
2264 5286 2481 5336 modum
2517 5298 2564 5340 et
2594 5285 2869 5354 poculum.
2909 5305 2928 5336 ι
2963 5286 3128 5340 Erant
3155 5290 3296 5341 enim
3323 5291 3377 5343 in

1808 5377 1976 5428 veteri
2006 5390 2223 5445 quoque
2264 5383 2594 5430 testamento
2645 5376 2834 5445 poeula
2869 5377 2920 5429 in
2975 5377 3179 5446 quibus
3240 5380 3375 5430 liba-

1809 5466 1970 5531 bant,
2011 5467 2099 5521 ubi
2159 5467 2321 5520 etiam
2386 5476 2672 5535 postquam
2706 5466 2955 5521 victimas
2983 5467 3378 5530 immolassent,

1809 5558 2129 5629 sanguinem
2157 5558 2562 5611 irrationalium
2592 5558 2926 5627 excipientes
2968 5557 3200 5627 poculis,
3239 5559 3374 5610 litua-

1810 5648 1958 5711 bant,
1989 5648 2092 5701 Pro
2125 5649 2390 5718 sanguine
2436 5648 2600 5716 igitur
2645 5649 3065 5709 irrationalium,
3113 5645 3376 5702 Dominus

1811 5740 2090 5811 proprium
2127 5740 2220 5794 dat
2249 5739 2592 5808 sanguinem.
2629 5740 2694 5793 Et
2744 5740 2904 5803 bene,
2955 5739 3008 5792 in
3063 5736 3278 5807 poculo,
3317 5747 3374 5791 ut

1809 5832 2061 5890 ostendat
2099 5841 2254 5887 vetus
2286 5838 2669 5887 testamentum
2711 5839 2873 5885 antea
2908 5831 3011 5886 hoc
3044 5829 3369 5884 delineasse.
