4204 6464
167 390 271 453 6‘21
1121 393 1327 451 (2031M
1343 392 1506 453 EN'I‘.
1547 390 1624 451 IN
1662 390 1739 448 El‘

1845 392 1895 449 l‘.
1939 392 1958 449 ι
2000 393 2097 450 ΑΙ)
2138 394 2466 453 ΕΟΒΙΝΜΙ

168 390 271 453 891

3312 386 3418 445 822

168 505 344 556 θ-ῗται
376 502 466 555 τὸν
495 504 555 555 τὸ
581 503 800 556 ἔλαττον
840 503 1031 573 ἔχοντα
1056 506 1323 574 χάρισμα,
1358 505 1433 574 τῷ
1458 522 1515 558 τε
1565 507 1739 556 εἰπεῖν

1843 518 2031 559 omnes
2062 503 2334 557 ellicerent
2373 520 2538 555 unum
2571 520 2739 570 corpu
2765 535 2791 551 ς.
2840 500 3057 552 interim
3099 507 3280 551 autem
3323 514 3417 567 per

167 596 255 646 ὅτι
284 592 343 644 ἓν
381 593 541 661 σῶμα
581 594 780 657 πάντες
815 595 1002 661 Ξσμὲν,
1064 599 1157 649 καὶ
1206 597 1284 665 τῷ
1314 598 1491 648 εἰπεῖν
1519 598 1606 650 διὰ
1649 596 1743 650 τοῦ

168 684 347 737 αὑτοῦ
381 684 703 753 Πνεῦματος
747 687 839 738 καὶ
874 688 969 755 τῆς
998 689 1168 757 αὐτῆς
1222 688 1633 756 κολυμϐήθρας,
1686 687 1745 739 ἓν

165 776 318 844 ἡμᾶς
344 777 651 843 γεγονέναι.
678 796 694 827 ι
711 778 806 828 ’Ἑν
830 779 976 845 πόμα
995 778 1361 848 ἐποτίσθημεν
1394 779 1471 839 είς
1502 777 1559 829 ἒν
1580 775 1747 829 Πνεῦ-

167 882 270 932 μα.
305 885 325 917 ι
368 868 614 929 Δι’ὲνὸς,
647 870 799 936 φησὶ,
836 868 1151 934 Πνεῦματος
1176 871 1487 939 ἐσχήκαμεν
1517 868 1622 920 τῶν
1652 886 1747 937 χα-

168 958 455 1026 ρισμάτων
486 959 579 1027 τὴν
605 961 831 1029 δωρεάν.
850 978 868 1010 ι
890 960 1287 1029 Ἐποτίσθημεν
1312 980 1329 1012 ι
1357 961 1413 1012 δὲ
1439 956 1611 1024 εἶπεν,
1642 958 1748 1012 ἀπὸ

166 1051 488 1115 μεταφορᾶς
518 1050 625 1101 τῶν
659 1050 912 1119 δένδρων,
947 1052 1055 1103 τῶν
1094 1052 1159 1103 ἐκ
1182 1050 1281 1120 τῆς
1313 1050 1482 1119 αὐτῆς
1512 1050 1741 1120 ἀρδομέ-

162 1154 273 1191 νων
303 1141 509 1208 πηγῆς.
543 1161 559 1191 ι
593 1142 701 1193 Καὶ
727 1144 834 1211 γὰρ
860 1142 917 1195 τὸ
947 1143 1103 1211 σῶμα
1155 1143 1255 1195 οὐκ
1277 1142 1421 1194 ἔστιν
1472 1140 1529 1193 ἓν
1566 1141 1745 1210 μέλος,

164 1230 306 1283 ἀλλὰ
340 1232 528 1285 πολλά.
562 1253 579 1284 ι
617 1233 728 1285 Καὶ
769 1234 843 1304 μὴ
867 1232 1179 1305 θαυμάσῃς,
1216 1238 1402 1303 φησὶν,
1430 1236 1477 1286 εί
1502 1232 1746 1287 τοσοῦτοι

164 1318 322 1381 ὅντες
357 1320 415 1371 ἓν
447 1322 605 1391 σῶμα
640 1325 833 1391 ἐσμεν,
861 1326 1022 1377 ὁπότε
1048 1327 1140 1377 καὶ
1164 1327 1256 1377 ἐπὶ
1286 1324 1376 1377 τοῦ
1408 1324 1746 1394 ἀνθρωπίνου

165 1412 425 1480 σώματος
454 1415 558 1467 ἀπὸ
587 1417 795 1469 πολλῶν
830 1418 1027 1487 μελῶν,
1057 1419 1116 1469 ἓν
1168 1418 1319 1470 ἔστιν
1347 1418 1526 1487 εὑρεῖν
1550 1418 1610 1469 τὸ
1643 1417 1747 1469 σῶ-

166 1522 266 1571 μα.
296 1504 377 1556 Τὰ
393 1505 448 1557 δὲ
469 1507 603 1576 πρὸς
625 1508 863 1570 ἐκείνους
884 1509 1118 1578 ἁρμόδια
1146 1510 1363 1579 ῥήματα
1384 1508 1459 1570 ὡς
1485 1509 1549 1559 ἐκ
1578 1524 1747 1575 προσ-

161 1594 318 1646 ώπου
357 1594 465 1647 τῶν
510 1597 689 1664 μελῶν
722 1598 958 1659 τέθεικε,
1001 1598 1171 1661 δεῖξαι
1222 1598 1389 1651 θέλων
1418 1600 1499 1651 ὅτι
1551 1601 1598 1649 εξ
1656 1599 1748 1651 καὶ

164 1684 395 1737 ἔλαττόν
423 1705 507 1749 τις
539 1688 652 1758 ἔχει
679 1690 949 1760 χάρισμα,
970 1691 1029 1742 οὐ
1063 1691 1216 1759 παρὰ
1237 1690 1393 1743 τοῦτο
1421 1691 1748 1759 ἐκϐέϐληται

161 1775 259 1827 τοῦ
290 1772 436 1831 εἶναι
464 1779 623 1847 μέλος
658 1782 752 1834 τοῦ
794 1782 1063 1849 σώματος.
1113 1783 1221 1835 Καὶ
1258 1783 1365 1851 γὰρ
1401 1783 1494 1835 καὶ
1526 1783 1622 1835 ἐπὶ
1654 1781 1749 1834 τοῦ

1852 594 1965 649 haec
1993 597 2103 649 duo
2134 596 2450 649 consolatur
2481 610 2603 649 eum
2635 595 2723 663 qui
2765 592 2947 645 minus
2976 592 3135 647 liabet
3168 592 3370 645 donum
3406 609 3419 643 ι

1850 696 1961 739 tum
1987 688 2214 741 dicendo
2240 687 2385 757 quod
2413 703 2603 741 omnes
2636 702 2804 739 unum
2834 700 3035 753 corpus
3067 699 3277 746 sumus,
3308 692 3419 737 tum

1848 778 2079 833 dicendo
2121 782 2263 849 quod
2310 796 2406 849 per
2451 796 2617 833 unum
2667 779 2935 849 Spiritum
2984 778 3237 847 idemque
3275 777 3421 831 lava-

1847 889 2001 927 crum
2030 890 2196 927 unum
2227 873 2402 927 cﬂ‘ecti
2437 888 2653 927 sumus.
2689 893 2707 924 ι
2752 872 2872 927 Uno
2905 871 3102 942 poculo
3134 871 3292 937 rigati
3324 884 3421 924 su~

1849 978 1970 1017 nius
2007 964 2060 1016 iu
2105 978 2274 1017 unum
2310 961 2604 1031 Spiritum.
2642 982 2659 1014 ι
2699 961 2802 1015 Per
2834 976 3029 1025 unutn,
3061 960 3261 1028 inquit,
3295 956 3423 1027 Spi-

1851 1054 2015 1107 ritum
2060 1055 2374 1123 accepimus
2431 1054 2664 1125 gratiam
2709 1054 3001 1110 donorum.
3049 1053 3191 1108 Dicit
3239 1061 3420 1107 autem

1850 1145 2008 1215 rigati
2045 1161 2232 1201 sumus
2259 1148 2326 1201 ab
2349 1148 2606 1201 arborum
2644 1151 2964 1217 metaphora
2995 1162 3114 1215 qua:
3136 1162 3202 1201 ex
3228 1144 3420 1201 eodem

1851 1238 1997 1292 l'oute
2030 1236 2345 1307 irrigantur.
2390 1256 2409 1288 ι
2442 1238 2722 1307 Siquidem
2756 1253 2960 1308 corpus
2994 1254 3100 1291 non
3134 1245 3217 1294 est
3250 1251 3423 1291 unum

1849 1327 2175 1389 membrum,
2207 1327 2300 1383 sed
2335 1327 2527 1381 multa.
2560 1348 2578 1379 ι
2618 1328 2692 1383 Ne
2724 1328 2960 1393 mireris,
2992 1327 3185 1397 inquit,
3224 1327 3271 1381 si
3311 1334 3421 1379 tam

1850 1420 2004 1472 multi
2047 1436 2216 1473 unum
2265 1420 2440 1474 simus
2481 1435 2706 1490 corpus,
2759 1419 2979 1489 quando
3018 1420 3182 1474 etiam
3226 1419 3280 1472 in
3324 1419 3423 1471 bu-

1852 1526 2014 1565 mane
2047 1526 2277 1580 corpore
2318 1528 2385 1565 ex
2429 1514 2611 1565 inultis
2654 1513 2916 1566 membris
2969 1528 3135 1565 unum
3180 1511 3423 1564 invenia-

1851 1611 1940 1656 tur
1987 1602 2245 1656 constitui
2301 1619 2524 1673 corpus.
2592 1602 2782 1657 Posuit
2835 1613 3018 1657 autem
3068 1619 3132 1657 ex
3188 1617 3421 1672 persona

1852 1695 2220 1747 membrorum
2253 1695 2441 1757 verba,
2473 1711 2593 1763 qua:
2626 1694 2874 1763 apprime
2903 1693 3209 1750 Corinthiis
3237 1700 3423 1747 essent

1852 1783 2235 1845 accommoda,
2295 1783 2452 1854 54],
2514 1784 2803 1839 ostendere
2856 1784 3044 1838 volens
3098 1782 3241 1854 quod
3297 1784 3423 1836 licet

160 1866 511 1936 ἀνθρωπίνου
535 1847 929 1943 συγκρίματος,
958 1872 1052 1925 καὶ
1082 1872 1141 1925 τὸ
1192 1847 1411 1926 ἔλαττον
1440 1874 1533 1925 καὶ
1574 1873 1633 1924 τὸ
1668 1890 1739 1925 τι-

1852 1874 2125 1942 quispiam
2173 1875 2354 1929 minus
2389 1876 2587 1929 habeat
2635 1875 2861 1939 donum,
2912 1892 3020 1930 non
3066 1877 3138 1930 ob
3183 1876 3285 1929 boc
3334 1892 3423 1930 re-

164 1962 459 2034 μιὼτερον,
492 1967 573 2029 εἰς
595 1966 653 2018 ἒν
678 1967 920 2019 συντελεῖ
945 1967 1122 2035 σῶμα.

1849 1966 2031 2035 jeetus
2058 1975 2163 2031 est,
2199 1983 2265 2021 ne
2299 1968 2369 2021 sit
2399 1967 2648 2038 corporis
2679 1968 3006 2022 membrum.
3050 1968 3330 2036 Siquidem
3366 1968 3420 2019 in

163 2052 412 2110 humano
437 2073 655 2128 quoque
685 2070 1009 2130 coagmento
1034 2068 1089 2115 et
1117 2059 1262 2129 quod
1292 2059 1559 2128 abiectius
1582 2067 1667 2115 est
1694 2066 1748 2113 et
1785 2060 1930 2131 quod
1974 2059 2371 2126 bonorabilius,
2416 2062 2480 2115 aii
2534 2061 2697 2117 unius
2737 2061 2986 2132 corporis
3064 2076 3420 2116 consumma-

161 2152 373 2203 tionem
406 2153 717 2207 conferunt.

237 2355 257 2385 ε
304 2336 433 2391 Ἐὰν
487 2340 615 2411 εἴπῃ
671 2341 700 2393 ὁ
748 2339 938 2405 ποῦς.»
1006 2342 1134 2398 Ἐὰν
1206 2344 1365 2400 τοῦτο
1416 2346 1589 2418 εἴπῃ,
1666 2346 1748 2400 ὅτι

164 2445 182 2475 ι
221 2425 339 2478 Οὐκ
364 2426 479 2495 είμὶ
508 2431 572 2481 ἐκ
606 2429 878 2499 σώματος,
908 2451 926 2483 ι
972 2433 1031 2486 οὐ
1073 2434 1222 2504 παρὰ
1253 2435 1315 2487 τὸ
1349 2435 1547 2498 εἰπεῖν,
1576 2455 1595 2487 ι
1630 2436 1745 2489 Οὐκ

158 2520 299 2587 εἰμὶ,
338 2536 359 2570 ι
396 2520 495 2590 ἤδη
550 2523 763 2591 ἀπέστη
823 2524 888 2576 ὲκ
938 2524 1032 2578 τοῦ
1061 2526 1329 2595 σώματος.
1393 2527 1577 2592 Οὕτως
1625 2529 1745 2582 οὐδὲ

160 2613 228 2661 σὺ
284 2612 474 2682 ἐπειδὴ
507 2614 625 2666 τόδε
684 2615 829 2683 ἔχεις
864 2618 1113 2688 χάρισμα
1148 2620 1243 2673 καὶ
1272 2621 1392 2691 οὐχὶ
1439 2622 1580 2685 τόδε,
1637 2622 1741 2692 ἤδη

160 2701 444 2755 πέπαυσαι
474 2703 566 2755 τοῦ
600 2701 738 2758 εἷ..ιι
792 2707 951 2777 σῶμα
1001 2708 1060 2761 ἓν
1122 2712 1218 2763 σὺν
1268 2715 1381 2774 τοῖς
1411 2712 1611 2776 ἄλλοις.
1646 2712 1739 2766 «Εἰ

156 2798 279 2848 ὅλον
337 2799 397 2850 τὸ
443 2799 605 2867 σῶμα
653 2801 985 2872 ὀφθαλμός.)
1038 2806 1257 2877 Ἐπειδὴ
1305 2808 1585 2879 ὀφθαλμοῦ
1644 2810 1739 2864 καὶ

162 2890 324 2951 ποῦὸς
356 2890 602 2960 ἐμνήσθη
628 2931 643 2955 ,
672 2894 810 2947 ἐκδὲ
845 2896 1035 2949 τούτου
1067 2898 1339 2969 ἐλύπησεν
1392 2902 1741 2970 αἰνιξάμενος

158 2980 251 3029 καὶ
316 2981 514 3043 αὐτοὺς
565 2981 859 3038 ὲλάττωσίν
902 3004 1020 3040 τινα
1047 2988 1221 3056 ἔχειν,
1269 2990 1459 3060 ὥσπερ
1513 2993 1608 3044 καὶ
1646 2993 1740 3045 ἐπὶ

158 3070 268 3121 τῶν
315 3071 519 3139 μελῶν,
566 3074 661 3127 νῦν
708 3076 979 3131 δείκνυσιν
1010 3080 1185 3144 οὕτως
1228 3078 1368 3135 εἶναι
1432 3084 1736 3153 συμφέρον,

158 3164 215 3212 τὸ
268 3162 501 3231 Ξιάςορα
528 3160 665 3217 εἶναι
694 3170 1030 3237 χαρίσματα.
1091 3171 1298 3241 Ὠσπερ
1343 3173 1449 3242 γὰρ
1484 3173 1542 3225 τὸ
1581 3172 1739 3243 σῶμα

153 3254 241 3305 διὰ
280 3252 442 3306 τοῦτο
503 3256 617 3309 ἐστι
676 3258 873 3326 σῶμα,
928 3259 1116 3330 ἐπειδὴ
1168 3263 1233 3314 ἐκ
1289 3261 1561 3332 διαφόρων
1616 3281 1740 3317 συν-

1924 2364 1945 2398 ‹
1985 2345 2210 2402 Sidicat
2242 2361 2357 2417 pes.
2399 2366 2416 2397 ι
2451 2344 2507 2401 Si
2533 2345 2638 2400 hoc
2667 2345 2845 2401 dicat:
2880 2365 2897 2398 ι
2927 2345 3043 2400 Non
3066 2360 3187 2401 sum
3209 2345 3276 2402 de
3298 2363 3427 2402 cor-

1850 2447 2001 2506 pore,
2036 2454 2054 2487 ι
2091 2452 2200 2491 non
2267 2447 2489 2507 propter
2540 2437 2674 2491 illud
2728 2438 2935 2502 dicere,
2972 2456 2992 2489 ι
3042 2435 3161 2492 Νυη
3212 2455 3354 2504 sum,
3395 2458 3415 2489 ι

1844 2529 1957 2599 jam
1986 2530 2141 2584 abest
2186 2546 2218 2585 a
2257 2545 2519 2601 corpore:
2557 2530 2635 2585 sic
2690 2545 2868 2600 neque
2918 2540 2975 2585 tu
3028 2546 3095 2585 eo
3124 2531 3271 2602 quod
3316 2533 3421 2587 hoc

1850 2620 2053 2675 habeas
2086 2620 2289 2675 donum
2316 2630 2370 2676 et
2404 2636 2512 2675 non
2543 2621 2695 2687 illud,
2728 2622 2840 2689 jam
2873 2622 3080 2678 desinis
3108 2638 3229 2677 eum
3262 2634 3423 2678 catc-

1846 2714 1923 2765 ris
1947 2728 2115 2765 unum
2140 2711 2352 2766 eﬂicerc
2386 2729 2609 2783 corpus.
2657 2733 2673 2763 ι
2717 2714 2771 2766 Si
2810 2720 2986 2766 totum
3027 2729 3227 2783 corpus
3283 2731 3419 2769 ocu-

1841 2801 1949 2855 lus.
1987 2822 2006 2852 ι
2037 2802 2493 2873 Quandoquidem
2547 2804 2692 2857 oculi
2744 2818 2805 2857 ac
2858 2804 3011 2872 pedis
3055 2806 3322 2868 meminit,
3364 2815 3420 2860 et

1840 2908 1904 2947 ex
1940 2893 2043 2948 hoc
2060 2909 2297 2949 mmrore
2326 2910 2419 2951 eos
2440 2894 2643 2958 aﬂ‘eeit,
2699 2896 2937 2950 iuuucns
2968 2898 3113 2965 ipsos
3149 2896 3419 2966 quodam-

1847 2983 2011 3039 modo
2040 2985 2329 3040 inferiores
2363 3002 2506 3051 esse,
2540 2987 3003 3055 quemadmodum
3038 2996 3093 3041 et
3132 2988 3185 3043 in
3244 3004 3416 3043 mem-

1842 3076 1995 3129 bris:
2029 3079 2272 3132 ostendit
2327 3094 2476 3132 nunc
2535 3080 2606 3131 ita
2662 3080 2939 3148 expedire,
2999 3089 3053 3132 ut
3104 3081 3250 3134 varia
3306 3083 3418 3137 sint

1846 3163 2010 3219 dona.
2048 3166 2199 3221 Sicut
2234 3168 2378 3222 enim
2414 3184 2613 3237 corpus
2663 3170 2784 3224 ideo
2819 3181 2901 3223 est
2928 3186 3150 3241 corpus,
3182 3174 3307 3242 quia
3349 3192 3411 3228 cx

1848 3258 2015 3312 variis
2049 3261 2407 3313 constituitur
2440 3262 2731 3315 membris:
2765 3264 2834 3314 ita
2866 3274 2918 3317 el
2951 3279 3152 3332 corpus
3183 3266 3411 3325 Christi.

155 3348 359 3413 ἔστηκε
401 3346 599 3415 μελῶν,
631 3347 807 3412 οὕτως
865 3354 959 3402 καὶ
1017 3352 1079 3404 τὸ
1129 3352 1286 3422 σῶμα
1333 3354 1425 3407 τοῦ
1471 3358 1733 3425 Χριστοῦ,

1846 3347 1897 3399 id
1937 3357 2043 3412 est,
2089 3348 2415 3416 Ecclesium,
2458 3351 2560 3405 hec
2621 3351 2748 3405 facit
2776 3369 2898 3407 esse
2949 3370 3167 3420 corpus,
3222 3372 3417 3423 nempe

155 3439 405 3491 τουτέστι
458 3440 558 3507 τὴν
612 3440 961 3508 Ἐκκλησίαν,
991 3442 1150 3495 τοῦτο
1208 3440 1348 3499 εἶναι
1382 3450 1525 3499 ποιεῖ
1554 3449 1735 3515 σῶμα,

153 3534 185 3597 ἡ
212 3531 455 3600 διαφορὰ
487 3532 597 3583 τῶν
656 3534 1023 3603 χαρισμάτων
1061 3536 1156 3588 καὶ
1206 3537 1515 3591 διακονιῶν.
1551 3558 1569 3590 ι
1601 3541 1740 3593 Νυνὶ

149 3624 207 3675 δὲ
231 3628 259 3676 ὁ
286 3623 423 3686 Θεὸς
462 3624 664 3677 ἔθετο.»
692 3626 835 3693 Ὅρα
872 3626 1153 3679 κάνταῦθα
1224 3628 1341 3691 πῶς
1411 3631 1739 3702 τρανότερον

152 3719 246 3768 καὶ
270 3717 444 3786 χωρίς
476 3735 621 3779 τινος
650 3719 1072 3787 ἀμφιϐολογίας,
1102 3720 1165 3773 τὸ
1214 3721 1440 3790 Πνεῦμα
1469 3722 1601 3775 Θεὸν
1640 3726 1739 3777 ἁν-

151 3808 445 3878 εκήρυξεν.
488 3809 672 3861 Εἰπὼν
697 3809 804 3881 γὰρ
844 3810 951 3877 πρὸ
980 3809 1213 3880 βραχέος
1238 3811 1323 3863 ὅτι
1346 3814 1525 3866 πάντα
1563 3815 1740 3867 ταῦτα

152 3903 215 3953 τὸ
271 3901 495 3970 πνεῦμα
555 3902 788 3970 ἐνεργεῖ,
823 3902 918 3954 νῦν
974 3902 1134 3955 πάλιν
1197 3905 1327 3973 περὶ
1386 3905 1496 3957 τῶν
1553 3907 1735 3959 αὐτῶν

154 3994 333 4058 ὶέγων
388 3991 553 4059 φησίν
576 4005 589 4021 ⁸
622 4010 641 4042 ι
681 3993 740 4045 '0
770 3993 900 4057 Θεὸς
928 3993 1080 4047 ἔθετο
1118 3995 1188 4048 τὰ
1232 3996 1369 4065 μέλη
1414 3995 1472 4049 ἓν
1504 3996 1736 4049 ἕκαστον

151 4083 337 4135 αὐτῶν
366 4082 549 4144 καθὼς
588 4084 871 4153 ἠθέλησεν.
899 4105 917 4138 ι
956 4086 1107 4155 Μὲλη
1134 4087 1263 4157 γὰρ,
1294 4089 1420 4149 τοὺς
1440 4088 1508 4140 τὰ
1571 4089 1734 4158 χαρί-

155 4192 343 4245 σματα
379 4175 448 4227 τὰ
477 4175 709 4245 διάφορα
753 4177 902 4246 παρὰ
962 4178 1056 4231 τοῦ
1093 4179 1402 4247 πνεύματος
1448 4179 1737 4248 εἰληφότας

149 4269 409 4336 ὠνόμασε
448 4269 645 4319 ’κάκεῖ
723 4268 823 4337 μὲν
868 4269 1075 4336 ἔλεγεν,
1140 4269 1431 4339 ιἘνεργεῖ
1490 4272 1733 4342 διαιροῦν

155 4363 376 4428 ὲκαστῳ
406 4358 588 4421 καθὼς
621 4360 923 4427 βούλεταιοι
962 4354 1064 4413 ὧδε
1086 4362 1164 4426 δὲ,
1212 4378 1230 4413 ι
1269 4361 1464 4415 Ἐθετο
1497 4364 1733 4417 ἕκαστον

152 4452 337 4504 αὐτῶν
398 4454 455 4502 ὲν
511 4450 585 4518 τῷ
636 4452 851 4520 σώματι
905 4451 1087 4513 καθὼς
1138 4452 1422 4522 ἠθέλησεν.
1464 4473 1483 4505 ι
1534 4455 1595 4506 Εἰ
1636 4452 1731 4509 οὖν

147 4544 176 4593 ὀ
243 4540 378 4601 Θεὸς
446 4539 614 4601 οὓτως
681 4540 967 4611 ἠθέλησεν,
1032 4541 1235 4596 ἄτοπον
1311 4543 1373 4595 τὸ
1446 4543 1733 4612 ἀδημονεῖν

149 4635 234 4701 ἔτις’
272 4630 354 4695 οἷς
396 4634 424 4685 ὁ
456 4634 586 4695 Θεὸς
624 4634 881 4703 ἠθέλησε.
910 4636 983 4687 Τὸ
1014 4636 1091 4699 δὲ,
1120 4655 1138 4686 ι
1184 4636 1382 4697 Καθὼς
1407 4637 1727 4705 ἡθέλησεν,›

1841 3436 2135 3493 diversitas
2167 3440 2944 3511 donorumaemysteriorum.
2992 3464 3003 3493 ι
3035 3445 3186 3499 Nunc
3232 3458 3411 3501 autem

1843 3530 2026 3598 posuit
2060 3532 2220 3586 Deus.
2263 3551 2281 3583 υ
2310 3533 2609 3587 Considera
2661 3541 2713 3587 et
2767 3537 2854 3587 hie
2907 3537 3183 3604 quomodo
3231 3550 3415 3607 aperti:

1844 3629 1897 3674 et
1949 3623 2068 3675 sine
2125 3624 2233 3677 ulla
2291 3624 2648 3693 ambiguitate
2704 3626 2971 3694 Spiritum
3036 3629 3415 3696 praedicarem

1843 3730 1966 3769 esse
1998 3715 2188 3770 Deum.
2217 3717 2351 3771 Cum
2401 3717 2545 3771 enim
2592 3718 2753 3787 paulo
2788 3730 2911 3773 ante
2988 3721 3214 3775 dixisset
3266 3730 3412 3793 quod

1844 3806 2025 3859 omnia
2068 3807 2185 3861 haec
2221 3808 2462 3878 Spiritus
2521 3819 2801 3878 operetur,
2869 3828 3014 3865 nunc.
3069 3829 3288 3869 rursum
3346 3817 3415 3869 de

1840 3896 2046 3951 eisdem
2080 3897 2331 3967 loquens,
2359 3900 2433 3951 ait
2459 3921 2469 3953 :
2511 3918 2527 3949 ι
2566 3898 2754 3954 Posuit
2782 3900 2923 3955 Deus
2950 3905 3211 3967 membra,
3246 3922 3412 3959 unum

1843 3989 2098 4056 quodque
2135 4006 2324 4044 eorum
2361 3990 2504 4044 sicut
2557 3992 2758 4055 voluit;
2792 4010 2809 4042 ι
2873 3993 3113 4046 membra
3151 4010 3411 4065 namque-

1842 4080 2137 4148 appellavit
2160 4097 2255 4136 eos
2280 4084 2373 4152 qui
2413 4082 2558 4135 varia
2590 4082 2731 4136 dona
2764 4098 2793 4136 a
2822 4082 3027 4152 Spiritu
3062 4098 3409 4155 acceperant.

1837 4173 1900 4226 Et
1920 4174 2226 4242 ibiquidem
2253 4176 2490 4229 dicebat:
2516 4174 2789 4244 Opcratur
2834 4175 3088 4231 dividens
3113 4180 3416 4249 unicuique

1838 4266 1981 4319 sicut
2010 4266 2180 4319 vult"
2208 4284 2222 4332 ;
2268 4285 2287 4318 ι
2326 4266 2414 4320 hic
2446 4275 2625 4321 autem
2662 4284 2675 4319 :
2719 4284 2736 4316 ι
2761 4266 2951 4321 Posuit
2982 4272 3414 4341 unumquodque

1837 4373 2025 4412 eorum
2063 4358 2113 4411 in
2141 4373 2371 4427 corpore
2411 4358 2873 4427 quemadmodum
2912 4359 3100 4415 voluit.
3134 4379 3152 4411 ι
3187 4359 3243 4414 Si
3279 4377 3412 4429 ergo

1838 4452 1910 4504 ita
1950 4450 2091 4505 Deus
2130 4452 2324 4513 voluit,
2359 4451 2660 4504 absurdum
2696 4458 2779 4503 est
2806 4451 3050 4519 graviter
3075 4454 3310 4519 anxiari,
3340 4456 3413 4509 ob

1837 4559 1899 4597 ea
1935 4560 2055 4612 quze
2110 4542 2251 4597 Deus
2302 4543 2373 4595 ita
2413 4542 2530 4595 ﬁeri
2580 4542 2772 4596 voluit.
2834 4542 2990 4607 Quod
3048 4554 3229 4600 autem
3291 4547 3409 4601 ait:

1842 4655 1859 4686 ι
1892 4636 2366 4701 Quemadmodum
2405 4635 2597 4698 voluit,
2636 4654 2654 4685 ›
2697 4636 2952 4704 superius
2974 4636 3039 4691 de
3074 4637 3282 4706 Spiritu
3322 4640 3410 4693 di-

148 4728 263 4777 ἄνω
310 4723 555 4791 περὶτοῦ
582 4725 894 4792 Πνεῦματος
924 4721 1096 4788 εἶπεν,
1142 4746 1159 4778 ι
1204 4729 1291 4780 Ἑν
1340 4730 1419 4780 ἑνὶ
1446 4729 1724 4799 [Ῑνεύματι

1839 4730 1936 4781 sit:
1977 4747 1994 4777 ι
2030 4726 2130 4780 Per
2159 4743 2326 4780 unum
2358 4728 2616 4796 Spiritum
2662 4742 2762 4780 nos
2791 4742 3002 4781 omnes.
3038 4747 3057 4779 ι
3104 4729 3195 4784 Et:
3224 4750 3242 4782 ι
3277 4730 3407 4785 Otu-

150 4818 312 4885 ἡμεῖς
342 4815 558 4876 πάντες.
597 4835 613 4865 ›
650 4816 779 4877 Καὶ,
809 4836 825 4866 ι
861 4817 1063 4879 Πάντες
1087 4818 1143 4870 ἓν
1174 4820 1325 4888 πόμα
1365 4821 1732 4890 ἐποτίσθημεν

149 4910 230 4970 είς
291 4908 350 4959 ἓν
392 4907 667 4975 Πνεῦμα.»
713 4908 822 4961 Καὶ
884 4910 1071 4978 ἐπειδὴ
1128 4912 1206 4973 εἰς
1248 4913 1305 4962 ἓν
1325 4912 1547 4980 Πνεῦμα
1592 4915 1729 4965 παν-

148 5018 261 5063 τες,
308 4998 529 5051 καὶτοῦ
564 4999 884 5070 Πνεύματος
948 5002 1005 5053 τὸ
1045 5001 1289 5071 θέλημα.
1336 5007 1429 5055 καὶ
1480 5004 1614 5067 Θεὸς
1671 5006 1732 5057 τὸ

153 5091 403 5160 Πνεῦμα.
431 5110 449 5141 ι
486 5092 552 5142 ἹΙ
582 5093 672 5143 καὶ
692 5094 818 5161 περὶ
847 5094 974 5162 ὅλης
1005 5094 1101 5160 τῆς
1128 5095 1288 5161 ἁγίας
1340 5095 1565 5163 Τριάδος
1605 5098 1730 5165 νοή-

151 5202 285 5245 σεις.
324 5184 401 5234 03
433 5184 540 5251 γάρ
584 5185 700 5235 ἐστι
727 5184 962 5254 διαᾳορὲ
1000 5185 1097 5249 τῆς
1126 5186 1415 5254 ὁμοουσίου
1446 5187 1539 5239 καὶ
1587 5205 1723 5239 παν-

151 5278 397 5344 υμνήτου
439 5276 685 5344 nam.
708 5277 769 5327 Εἰ
817 5276 870 5328 δὲ
902 5273 969 5346 ἦν
1001 5278 1065 5329 τὰ
1093 5279 1271 5331 πάντα
1301 5278 1359 5329 ἓν
1400 5279 1581 5346 μέλος,
1622 5280 1725 5333 τεοῦ

151 5371 211 5419 τὸ
268 5369 466 5435 σῶμας
502 5368 643 5419 Αὐτὸ
682 5368 743 5419 τὸ
785 5368 971 5420 ποιοῦν
1020 5370 1246 5425 ἐκείνοις
1309 5370 1584 5439 πρόφασιν
1637 5390 1724 5439 μισ

150 5459 472 5528 κροψυχίας,
526 5460 585 5512 τὸ
623 5454 763 5512 εἶναι
819 5460 1051 5529 διάφορα
1081 5463 1147 5513 τὰ
1185 5462 1522 5530 χαρίσματα,
1560 5463 1721 5525 αὐτὸς

149 5557 225 5611 εἱς
266 5554 539 5620 πρόφασιν
563 5551 805 5614 imbuero;
827 5552 1114 5622 λαμϐάνει.
1164 5551 1223 5603 Εἰ
1249 5553 1358 5621 γὰρ
1417 5553 1490 5621 μὴ
1516 5553 1716 5620 εἴχετε,

150 5643 304 5709 φηςι,
362 5643 598 5711 διάφορα
622 5646 953 5713 χαρίσματα,
996 5646 1114 5697 οὐδὲ
1172 5645 1328 5714 σῶμα
1387 5641 1502 5714 ἦτε·
1555 5646 1719 5714 Σῶμα

221 5820 264 5849 ³¹
306 5820 321 5874 Ι
357 5820 480 5875 Col.
510 5839 605 5885 λιι,
636 5822 715 5873 Il.

1836 4834 1931 4871 nes
1963 4832 2072 4871 uno
2114 4820 2307 4887 poculo
2338 4818 2494 4886 rigati
2534 4833 2727 4872 sumus
2758 4818 2812 4871 iu
2840 4836 3008 4872 unum
3054 4820 3342 4888 Spiritum.
3383 4842 3402 4874 ι

1839 4908 1902 4960 Et
1944 4911 2207 4977 quoniam
2260 4908 2312 4961 in
2358 4923 2526 4962 unum
2588 4909 2851 4977 Spiritum
2907 4925 3122 4973 omnes,
3154 4911 3407 4981 etipsius

1835 5000 2073 5068 Spiritus
2120 5006 2205 5053 est
2239 5000 2517 5060 voluntas.
2571 5004 2760 5067 utique
2804 5000 3051 5068 Spiritus
3102 5012 3186 5057 est
3236 5002 3403 5058 Deus.

1832 5094 1941 5144 Aut
1965 5091 2129 5145 etiam
2162 5092 2229 5144 de
2270 5100 2377 5141 luta
2410 5100 2601 5143 sancta
2639 5091 2839 5144 'l‘riade
2866 5092 3161 5159 intelliges.
3214 5092 3403 5162 Neque

1834 5186 1978 5239 enim
2018 5193 2103 5238 est
2131 5184 2418 5236 (“\(‘I'Siitts
2468 5182 2521 5235 in
2560 5198 2777 5252 semper
2832 5184 3101 5236 laudanda
3155 5185 3402 5253 ejusdem

1834 5276 2085 5329 essentia:
2150 5274 2370 5327 'l'riade.
2433 5272 2589 5338 Quod
2640 5277 2683 5328 si
2748 5287 2932 5329 essent
2993 5276 3176 5329 omnia
3233 5293 3399 5331 unum

1836 5370 2161 5427 membrum,
2195 5367 2282 5419 ubi
2313 5371 2553 5436 corpus?
2586 5366 2695 5420 Ilor
2724 5367 2902 5436 ipsum
2930 5368 3073 5435 quod
3112 5368 3219 5422 illis
3247 5385 3402 5422 occa-

1832 5459 1915 5511 sio
1967 5467 2085 5511 t-rat
2118 5456 2610 5525 pusillanimitatis,
2657 5470 2851 5522 nempe
2881 5457 3031 5510 varia
3084 5470 3203 5509 esse
3230 5457 3400 5521 dona,
3453 5510 3459 5515 ,

1831 5551 1947 5620 ipse
1988 5550 2051 5603 ad
2084 5550 2435 5603 occasionem
2470 5548 2703 5601 assumit
2742 5548 2987 5601 unitatis.
3032 5545 3164 5600 Nam
3201 5549 3245 5599 si
3288 5565 3394 5601 ηυγ

1832 5643 2129 5711 haberetis,
2180 5642 2380 5712 inquit,
2414 5642 2560 5696 varia
2604 5644 2769 5703 dona,
2806 5656 2870 5695 nc
2919 5654 3119 5709 corpus
3173 5641 3395 5711 quidem
