4204 6464
206 375 313 441 845

1159 374 1547 438 COMMENT.
1592 373 1666 432 1N
1699 373 1944 433 EPIST.
1976 372 2004 432 Ῑ
2035 371 2133 431 AD
2163 370 2524 434 CORINTH.

3351 370 3463 433 836

204 486 435 555 ἐπάγει·
464 487 649 552 Οὕτως
679 487 773 542 καὶ
806 488 982 558 ὑμεῖς,
1009 488 1057 540 εί
1089 485 1164 558 μὴ
1194 487 1339 556 σαφῆ
1366 485 1460 539 καὶ
1487 483 1775 554 νοοῦμενον
1804 524 1811 542 .

1914 481 2211 537 itelleclum
2268 481 2568 551 loquamini
2623 496 2949 550 sermonem,
3005 483 3183 551 erilis,
3240 485 3458 556 inquit,

204 580 398 650 εῐπητε
454 580 634 648 λόγον,
683 579 896 641 ἔσεσθε,
944 579 1132 649 φησὶν,
1175 580 1255 642 είς
1302 578 1440 646 ἀέρα
1471 576 1784 638 λαλοῦντες,

1885 574 1938 627 in
2011 589 2138 629 aera
2211 574 2515 644 loquentes,
2588 575 2690 631 hoc
2754 586 2890 642 est,
2953 576 3157 634 frustra
3207 589 3262 636 et
3325 596 3468 638 vane

202 672 503 737 τουτέστιν,
558 672 683 742 είκῆ
717 673 812 726 καὶ
855 671 1032 743 μάτην
1086 671 1181 723 καὶ
1228 668 1544 738 ἀνωφελῶς.
1580 670 1692 723 Καὶ
1740 670 1786 723 εί

1914 677 1950 718 ιο
2015 666 2133 721 sine
2200 667 2456 722 utilitate.
2527 667 2689 738 Atqui
2752 669 2800 724 si
2866 670 3009 725 nulla
3079 681 3197 728 erat
3254 674 3466 749 lingua-

204 763 482 831 ἀνωφελές
518 766 635 817 ἐστι
660 764 722 816 τὸ
754 764 862 817 τῶν
891 762 1174 831 γλωσσῶν,
1208 762 1350 814 διατί
1389 764 1446 814 ἐν
1469 762 1599 815 εῖδει
1627 761 1789 830 χαρί-

208 872 416 923 σματος
454 856 657 919 ταύτας
697 856 1038 925 ἐλάμϐανονς
1074 856 1190 908 ’Ίνα
1234 857 1260 909 ὀ
1301 854 1438 924 ἔχων
1468 855 1559 907 καὶ
1589 853 1789 919 λαλῶν,

204 949 489 1021 ὠφελῆται
516 951 695 1019 μόνος.
730 952 791 1004 Εἰ
816 951 870 1003 δὲ
908 951 1091 1019 μέλλοι
1122 950 1219 1002 καὶ
1249 948 1456 1019 ἑτέροις
1494 946 1631 1002 εἶναι
1654 949 1793 1016 χρή-

208 1055 394 1109 σιμος,
441 1040 739 1112 ἑρμηνείας
793 1041 971 1112 χρεία,
1012 1042 1078 1110 ἢν
1130 1040 1439 1111 ἐλάμϐανον
1480 1038 1530 1092 οί
1591 1040 1792 1110 μᾶλλον

208 1130 634 1202 κεκαθαρμένοι.
669 1132 823 1185 Κατὰ
848 1131 947 1203 τὴν
978 1132 1273 1199 ἀναλογίαν
1296 1131 1404 1201 γὰρ
1430 1131 1527 1202 τῆς
1558 1132 1794 1195 πίστεως

208 1220 308 1275 καὶ
364 1223 466 1291 τῆς
516 1224 859 1294 καθάρσεως,
915 1224 1146 1277 ἐδίδοντο
1194 1223 1289 1277 καὶ
1338 1223 1407 1278 τὰ
1457 1223 1792 1294 χαρίσματα.

213 1312 523 1381 «Τοσαῦτα,
544 1314 780 1386 εἰτύχοι,
797 1316 928 1386 γένη
948 1316 1157 1384 σωνῶν.
1172 1335 1191 1368 ι
1218 1316 1506 1377 Τοσαῦτα.
1525 1317 1794 1380 τουτέστι,

209 1405 414 1471 πολλὰ,
453 1409 616 1480 φησὶ,
657 1410 838 1472 καθὼς
873 1410 1061 1480 ἔτυχεν
1099 1410 1228 1463 ὄντα
1256 1410 1388 1480 γένη
1424 1410 1618 1478 φωνῶν
1649 1409 1798 1464 ἐστιν

208 1496 477 1567 ὶμψύχων
530 1517 590 1553 τε
643 1502 739 1554 καὶ
792 1500 1040 1570 ἀψύχων,
1092 1495 1227 1562 οἷον,
1262 1501 1591 1573 ἀνθρώπων,
1640 1502 1798 1567 ζώων

212 1589 459 1656 πτηνῶν.
516 1590 629 1641 Καὶ
655 1589 902 1659 ιὰψὺχων
952 1591 1223 1660 ὀργάνων,
1265 1585 1377 1644 οἷον
1410 1590 1577 1661 λύρας
1611 1607 1799 1660 μουσι-

210 1678 340 1746 κῆς,
373 1679 598 1749 ναὺληε,
627 1680 721 1734 καὶ
750 1682 976 1753 ἐτέρων.
1015 1681 1153 1735 Ἀλλ’
1180 1682 1300 1735 οὑδὲ
1329 1682 1389 1747 ἐξ
1420 1683 1537 1747 ἐνὸς
1566 1682 1796 1751 τούτων,

210 1773 405 1840 φησὶν,
446 1773 754 1845 ὠφεληθείη
786 1793 888 1838 τις,
921 1778 971 1829 εί
1009 1775 1085 1847 μὴ
1117 1775 1282 1858 εἰθείη
1316 1776 1416 1845 τὴν
1451 1776 1681 1846 δύναμιν
1701 1776 1801 1844 τῆς
1828 1809 1876 1867 Β

212 1864 421 1932 φωνῆς.
474 1861 776 1935 Τοιγαροῦν
806 1865 928 1919 οὑδέ
975 1868 1038 1921 ἐκ
1078 1852 1190 1920 τῶν
1230 1867 1511 1937 ὑμετέρων
1541 1867 1801 1936 γλωσσῶν

207 1953 456 2024 ὠφέλειά
485 1975 571 2019 τις
603 1959 684 2020 είς
714 1958 907 2022 ἄλλους
932 1959 1273 2030 διαϐήσεται,
1311 1962 1361 2014 εί
1396 1960 1470 2030 μὴ
1506 1960 1678 2028 είδείη
1704 1960 1804 2031 τὴν

210 2047 447 2118 δύναμιν
477 2049 572 2103 τοῦ
604 2050 962 2123 λαλουμένου.
1005 2054 1197 2107 Ἔσται
1225 2053 1283 2107 δὲ
1319 2053 1499 2118 τοῦτο,
1533 2052 1629 2105 ἐὰν
1656 2052 1805 2125 διερ-

214 2142 463 2213 μηνεύης
496 2144 674 2199 λαλῶν
705 2146 999 2212 γλώσσαις.
1029 2146 1411 2219 Διερμηνεὺσῃ
1435 2146 1513 2210 δὲ,
1549 2148 1598 2201 εί
1619 2146 1803 2200 πλεῖον

212 2233 461 2301 ἄληπτον
484 2234 597 2304 βίον
617 2237 712 2289 καὶ
730 2239 915 2292 πίστιν
937 2239 1149 2311 θερμὴν
1177 2239 1583 2311 πεπυρωμένην
1601 2240 1797 2311 κτήσῃ.

207 2355 283 2366 ——
546 2327 640 2393 Τὸ,
677 2345 695 2379 ι
738 2328 988 2383 Τοσαῦτα
1018 2332 1149 2402 γένη
1184 2330 1401 2399 φωνῶν,
1444 2348 1463 2382 ι
1517 2332 1612 2384 καὶ
1649 2331 1800 2401 ἑξῆς,

208 2419 382 2485 διχῶς
410 2420 548 2483 ἔστι,
581 2421 692 2473 Καὶ
727 2421 933 2474 τούτων
966 2422 1074 2475 τῶν
1106 2422 1280 2490 γενῶν
1307 2422 1459 2475 οὐδέν
1489 2424 1635 2475 ἐστιν
1655 2425 1805 2492 ἄφω-

212 2524 331 2572 νον,
390 2509 640 2561 ἑκλασεῖν
669 2526 686 2541 ο
745 2511 777 2581 ἢ
828 2511 912 2563 ὅτι
983 2510 1155 2564 πολλά
1208 2513 1327 2565 ἐστι
1391 2512 1522 2581 γένη
1589 2514 1805 2581 φωνῶν,

211 2596 337 2649 ἀλλ’
368 2597 593 2666 οὐδεμία
622 2601 733 2662 τοῖς
761 2599 1079 2668 ὁμογενέσιν
1096 2600 1279 2653 αὑτῶν
1296 2601 1447 2654 ἐστιν
1472 2600 1683 2671 ἄσημος
1711 2603 1803 2655 καὶ

213 2688 645 2759 ἁνεπίγνωστος.

292 2966 371 3022 To
395 2968 504 3036 γὰρ
521 2968 784 3036 ἄφωνον,
815 2969 884 3020 τὰ
899 2968 993 3021 δύο
1026 2968 1143 3022 ἐστι
1166 2972 1432 3038 σημαῖνον
1466 2970 1668 3040 εὑρεῖν,
1708 2969 1804 3023 καὶ

210 3059 279 3113 τὸ
303 3060 586 3122 παντελῶς
617 3060 853 3128 ἄφωνον,
883 3063 977 3113 καὶ
1002 3061 1063 3114 τὸ
1094 3062 1309 3130 ἄσημον
1341 3061 1503 3130 μόνον
1532 3063 1625 3114 καὶ
1650 3061 1803 3115 ἀδια-

1891 770 2009 808 rum
2041 756 2272 822 utilitas,
2304 774 2479 827 quare
2509 758 2607 815 has
2636 760 2689 813 in
2724 758 2898 816 forma
2936 762 3065 818 doni
3101 769 3461 837 accipiebant.

1893 841 1963 898 Ut
1989 845 2081 914 qui
2111 859 2206 899 eas
2230 845 2463 903 habebat
2495 850 2672 921 iisque
2704 850 3049 920 loquebatur,
3083 857 3235 912 solus
3261 861 3467 915 utilita-

1897 944 2005 989 tem
2043 937 2341 1006 acciperet.
2377 937 2533 1004 Quod
2564 942 2608 995 si
2640 950 2697 997 et
2725 942 2851 998 aliis
2884 944 3103 1003 futurus
3144 959 3263 1004 erat
3295 954 3463 1016 utilis,

1894 1039 2033 1095 opus
2082 1036 2200 1081 erat
2249 1028 2705 1100 interpretatione
2756 1049 2921 1104 quam
2979 1040 3325 1111 accipiebant
3374 1046 3467 1112 qui

1896 1118 2071 1187 magis
2101 1121 2371 1188 purificati
2402 1134 2581 1180 erant.
2611 1124 2746 1179 Nam
2775 1126 2932 1197 juxta
2967 1130 3087 1185 fidei
3116 1147 3179 1184 ac
3211 1135 3473 1203 puriﬁca-

1898 1211 2066 1266 tionis
2094 1214 2522 1282 proportionem,
2548 1218 2825 1275 dabantur
2849 1230 2904 1277 et
2930 1222 3092 1278 doua.
3121 1226 3253 1281 Tam
3279 1229 3473 1293 multa,

1898 1302 1943 1355 si
1977 1319 2063 1359 res
2093 1306 2252 1373 ferat,
2292 1322 2490 1376 genera
2526 1324 2806 1366 sonorum.
2837 1314 3095 1379 τοσαῦτα.
3134 1317 3184 1372 id
3219 1327 3324 1387 est,
3354 1321 3473 1392 plu-

1901 1396 2063 1461 rima,
2101 1398 2247 1452 sicut
2278 1400 2505 1467 accidit,
2536 1409 2668 1457 sunt
2706 1418 2904 1472 genera
2944 1422 3229 1475 sonorum,
3261 1414 3471 1468 anima-

1900 1491 2081 1537 torum
2131 1492 2187 1538 et
2232 1486 2658 1544 inauimatorum
2700 1508 2713 1543 :
2748 1500 2879 1561 puta
2923 1494 3226 1562 hominum,
3270 1500 3478 1556 bellua-

1898 1591 2041 1641 rum,
2074 1580 2360 1634 volucrum
2397 1598 2411 1633 :
2443 1590 2497 1635 et
2542 1582 2908 1640 inauimorum
2956 1586 3472 1659 instrumentorum,

1900 1683 2095 1740 nempe
2120 1669 2248 1740 lyrae
2282 1670 2586 1737 musicalis,
2623 1674 2799 1729 naula
2838 1692 2901 1731 ac
2932 1686 3281 1734 caeterorum.
3309 1681 3415 1736 Sed
3445 1699 3477 1737 a

1906 1762 2079 1825 nullo,
2129 1761 2329 1831 inquit,
2374 1761 2571 1818 horum
2618 1766 2786 1823 refert
2834 1771 3108 1841 quiSpiam
3159 1773 3475 1841 utilitatem,
3576 1832 3586 1849 δ

1906 1847 2013 1900 nisi
2057 1847 2164 1901 vim
2207 1849 2327 1903 soni
2366 1862 2686 1921 cognoscat.
2730 1856 2916 1925 Itaque
2958 1874 3134 1928 neque
3175 1875 3239 1916 ex
3274 1862 3479 1932 linguis

1904 1938 2101 1993 vestris
2147 1939 2253 1993 ulla
2302 1941 2557 1995 transibit
2606 1943 2672 1997 ad
2719 1945 2855 2001 alios
2902 1948 3156 2015 utilitas,
3211 1952 3319 2009 nisi
3369 1953 3477 2007 vim

1905 2040 2202 2100 cognoscat
2250 2031 2369 2101 ejus
2416 2034 2560 2103 quod
2614 2034 2836 2092 dicitur.
2884 2037 2998 2092 Erit
3039 2052 3219 2097 autem
3276 2043 3383 2099 hoc
3431 2046 3481 2100 si

1904 2123 2288 2193 interpreteris
2334 2144 2347 2179 :
2400 2126 2850 2195 iutcrpretaberis
2902 2141 3082 2186 autem
3140 2134 3187 2191 si
3242 2136 3482 2206 amplius

1905 2218 2251 2272 nanciscaris
2283 2218 2447 2273 vitam
2480 2219 2833 2291 inculpatum.
2870 2222 3138 2296 fidemque
3179 2227 3481 2284 ferventem

1902 2316 1957 2363 et
1987 2308 2233 2379 ignitam.
2258 2338 2327 2349 --
2353 2309 2509 2376 Quod
2543 2310 2618 2365 ait
2653 2329 2667 2366 :
2703 2330 2721 2364 ι
2760 2310 2895 2366 Tam
2943 2317 3111 2371 multa
3142 2334 3341 2388 genera
3381 2336 3482 2377 vo-

1904 2416 2027 2454 cum
2085 2420 2103 2452 ι
2155 2402 2269 2456 sive
2314 2421 2332 2453 ι
2389 2418 2672 2471 sonorum,
2721 2426 2741 2459 ι
2797 2417 2933 2477 etc.,
2975 2411 3265 2481 dupliciter
3310 2418 3485 2487 accipi

1906 2501 2107 2562 potest.
2158 2492 2264 2547 Aut
2317 2495 2460 2563 quod
2508 2499 2678 2551 multa
2724 2508 2855 2554 sunt
2903 2517 3104 2572 genera
3148 2520 3386 2573 vocum,
3431 2518 3489 2564 et

1908 2586 2118 2639 nullum
2172 2588 2367 2641 horum
2434 2603 2696 2659 generum
2745 2601 2830 2647 est
2876 2596 3153 2663 aphonum
3218 2607 3314 2653 aut
3365 2602 3490 2658 sine

1908 2690 2067 2740 voce;
2100 2676 2182 2730 vel
2217 2677 2363 2746 quod
2395 2680 2562 2733 multa
2602 2680 2763 2752 557
2797 2693 2927 2739 sunt
2953 2701 3153 2754 genera
3185 2705 3405 2756 vocum,
3434 2701 3491 2749 et

1908 2766 2053 2821 nulla
2097 2768 2291 2822 horum
2326 2769 2563 2826 obseura
2603 2783 2689 2828 est
2733 2783 2828 2831 aut
2862 2778 3043 2849 ignota
3086 2782 3172 2838 his
3205 2785 3306 2857 qui
3340 2785 3491 2857 eius.

1906 2853 2027 2907 item
2069 2855 2211 2909 inter
2241 2871 2298 2911 se
2329 2867 2457 2911 sunt
2492 2864 2732 2930 generis.

1979 2942 2114 2998 Nam
2154 2946 2369 3014 ἄφωνον
2420 2949 2528 3004 duo
2588 2952 2703 3008 haec
2742 2957 3056 3027 significare
3104 2963 3401 3029 invenitur.
3435 2980 3493 3026 et

1909 3036 2054 3105 quod
2100 3037 2395 3093 obscurum
2430 3049 2642 3098 tantum
2685 3057 2764 3100 est
2810 3057 2863 3102 et
2913 3052 3269 3123 inrognitttln.
3304 3057 3492 3129 Itaque

213 3166 488 3217 γνωστον.
520 3150 582 3202 El
636 3151 736 3219 μὲν
777 3150 891 3215 οῦν,
921 3151 996 3213 ὡς
1047 3153 1389 3222 προείρηται,
1432 3151 1806 3222 ἐκληψόμεθα,

1914 3130 1956 3184 si
2004 3140 2060 3184 ut
2098 3134 2247 3201 prius
2294 3134 2498 3189 dictum
2543 3150 2647 3205 est,
2703 3142 3154 3214 intellexerimus,
3192 3151 3316 3208 talis
3368 3169 3493 3212 esse

214 3242 307 3309 εἴη
339 3239 408 3293 ἂν
438 3241 725 3304 τοιοῦτοςὸ
752 3243 1107 3305 ἀποστολικὸς
1131 3242 1255 3305 νοῦς
1277 3260 1290 3273 ⁸
1330 3241 1509 3296 Πολλά
1537 3246 1654 3297 ἐστι
1680 3243 1812 3315 γένη

218 3332 447 3402 ςωνῶν,
474 3333 570 3385 καὶ
600 3332 806 3387 τούτων
837 3333 945 3386 τῶν
970 3334 1165 3401 γενῶν,
1197 3333 1353 3387 οὑδέν
1388 3335 1539 3387 ἐστιν
1578 3335 1809 3402 ἄφωνον.

234 3422 402 3476 ’Δλλά
424 3424 477 3475 τί
503 3424 859 3493 κερδαίνομεν
885 3426 1046 3494 ἡμεῖς
1080 3426 1143 3477 ὲκ
1180 3423 1292 3477 τῶν
1340 3424 1534 3493 φωνῶν
1565 3425 1811 3491 ἐκείνων,

221 3516 399 3586 μηδὲν
429 3514 611 3568 αὑτῶν
644 3517 955 3581 συνιέντες;
993 3516 1120 3569 Ἐὰν
1151 3515 1259 3585 γὰρ
1286 3515 1361 3586 μὴ
1389 3516 1516 3569 είδῶ
1538 3517 1590 3570 τί
1614 3520 1816 3587 σημαί-

220 3624 305 3661 νει
332 3609 371 3677 ἡ
411 3607 584 3677 φωνὴ,
618 3606 812 3676 ἔσομαι
849 3606 960 3674 ἐγώ
982 3624 1043 3659 τε
1076 3607 1291 3673 ἐκείνῳ,
1326 3608 1420 3660 καὶ
1453 3610 1660 3672 ἐκεῖνος
1691 3610 1816 3678 ἐμοὶ

216 3701 527 3773 βάρϐαρος.
574 3701 634 3752 Εἰ
664 3699 741 3763 δὲ,
798 3700 873 3762 ὡς
904 3699 1130 3771 ὕστερον
1182 3699 1413 3772 ἐρρήθη,
1440 3700 1813 3771 ὲκληψόμεοα,

219 3795 320 3846 καὶ
341 3794 370 3845 ὁ
388 3791 513 3853 νοῦς
533 3792 771 3855 τοιοῦτος
812 3791 987 3844 Πολλὰ
1011 3792 1144 3862 γένη
1169 3793 1285 3844 ἐστὶ
1309 3794 1502 3859 φωνῶν
1518 3795 1577 3845 ἐν
1602 3794 1813 3866 κόσμῳ,

217 3884 315 3935 καὶ
347 3882 506 3934 οὐδὲν
524 3880 733 3933 τούτων
784 3881 903 3933 ἐστὶ
950 3884 1061 3942 τοῖς
1091 3882 1410 3949 ὁμογενέσιν
1453 3883 1665 3952 ἄσημον
1718 3888 1815 3938 καὶ

217 3972 655 4040 ἀνεπίγνωστον.
694 3970 818 4033 Πῶς
861 3966 956 4024 οῦν
1014 3971 1173 4041 ὑμεῖς
1222 3972 1302 4034 είς
1332 3970 1472 4042 ἀέρα
1502 3971 1813 4039 λαλοῦντες,

220 4064 321 4116 καὶ
338 4062 535 4131 ἄσημα
591 4062 705 4123 τοῖς
737 4061 1026 4131 ὁμογενέσι
1060 4060 1446 4131 φθεγγόμενοι,
1480 4062 1555 4126 ώς
1592 4063 1734 4132 μέγα
1761 4081 1816 4117 τι

221 4153 664 4222 κατωρθωκότες
721 4153 1054 4224 indipisces;
1116 4151 1232 4205 ἀλλ’
1306 4153 1430 4223 οὑχὶ
1482 4153 1815 4218 σπουδάζετε

224 4246 438 4318 μᾶλλον
466 4246 562 4297 καὶ
583 4244 954 4315 ἐπιμελεῖσθε,
986 4244 1075 4297 ῐνα
1102 4242 1279 4296 καὶτὸ
1310 4244 1695 4315 διερμηνεύειν
1717 4245 1817 4308 τὰς

224 4338 489 4406 γλώσσας
516 4335 937 4407 προσλαϐόντες,
991 4334 1071 4397 είς
1098 4335 1286 4405 κοινὴν
1310 4335 1583 4405 ὠφέλειαν
1605 4337 1818 4407 χρήση·

227 4429 327 4482 σθε
347 4428 429 4497 τῷ
462 4428 803 4497 χαρίσματις
847 4425 907 4479 '0
938 4426 1047 4496 γὰρ
1086 4425 1151 4495 δὴ
1197 4427 1359 4496 μόνον
1411 4425 1685 4495 γλώσσαις
1718 4427 1817 4479 λα-

225 4518 363 4585 λῶν,
397 4521 619 4588 ἀσήμου
650 4519 746 4571 καὶ
798 4517 1208 4586 ἀνεπιγνώστου
1253 4517 1352 4587 τῆς
1403 4518 1587 4587 φωνῆς
1640 4519 1817 4588 ὑπαρ-

225 4611 435 4682 χούσης
462 4608 545 4679 τῷ
580 4611 846 4681 ἀκροατῇ,
879 4610 1001 4663 ἀντὶ
1042 4608 1139 4662 τοῦ
1172 4609 1425 4678 ὠφελεῖν,
1470 4608 1622 4663 ἔσται
1669 4610 1821 4681 αὑτῷ

227 4702 536 4773 βάρϐαρος.
570 4704 663 4755 καὶ
702 4705 730 4755 ό
758 4703 1036 4773 ἀκροατὴς
1060 4703 1265 4771 ὁμοίως
1303 4702 1383 4772 τῷ
1404 4701 1652 4755 λαλοῦντι
1683 4702 1819 4774 pip.

230 4797 409 4863 εαρος
464 4795 875 4863 λογισθήσεται.
930 4797 1041 4850 Καὶ
1094 4795 1149 4849 τί
1203 4798 1266 4850 τὸ
1309 4797 1560 4850 ἐντεῦθεν
1597 4798 1822 4867 κέρδοςς

232 4903 259 4939 ι
300 4886 434 4939 Ἐὰν
456 4882 552 4939 οὖν
586 4886 659 4956 μὴ
692 4886 817 4939 είδῶ
846 4887 945 4958 τὴν
989 4888 1220 4958 δύναμιν
1251 4888 1353 4958 τῆς
1376 4889 1580 4959 φωνῆς.
1623 4908 1641 4943 ι
1673 4889 1824 4943 Εἰσὶν

228 4975 330 5030 οὖν
374 4977 569 5048 μυρίαι
609 4978 788 5045 φωναὶ
843 4980 902 5031 ἐν
936 4978 1017 5048 τῷ
1070 4979 1285 5051 κόσμῳ.
1316 4979 1449 5033 Ἐὰν
1479 4980 1574 5034 οὖν
1607 4981 1683 5051 μὴ
1710 4977 1825 5035 οἶδα

227 5067 335 5137 τὴν
354 5066 585 5135 δύναμιν
599 5068 699 5131 τῆς
722 5069 929 5138 φωνῆς,
955 5071 1259 5135 τουτέστιν,
1291 5072 1386 5125 ἐὰν
1410 5072 1486 5142 μὴ
1512 5066 1628 5124 οἶδα
1648 5072 1702 5123 τί
1731 5073 1825 5126 λα-

229 5158 337 5220 λεῖ,
370 5155 611 5226 ἐσόμεθα
657 5157 911 5228 ἀλλήλοις
962 5159 1259 5233 Βαρσαροι,
1294 5162 1357 5216 οὑ
1392 5164 1544 5232 παρὰ
1587 5164 1689 5230 τὴν
1728 5165 1827 5233 τῆς

234 5250 425 5319 φωνῆς
441 5249 660 5311 κακίαν,
686 5250 819 5304 ἀλλὰ
841 5253 991 5323 παρὰ
1015 5254 1115 5325 τὴν
1139 5256 1298 5325 ἡμῶν
1322 5256 1571 5323 ἄγνοιαν.
1609 5253 1827 5319 «Οὕτως

236 5342 337 5394 καὶ
352 5342 536 5410 ὑμεῖς.
568 5359 587 5391 ι
626 5340 834 5408 Οὕτως,
894 5344 1043 5411 πῶς;
1079 5347 1291 5416 Ὥσπερ
1323 5348 1373 5399 οί
1415 5345 1701 5409 λαλοῦντες
1733 5347 1829 5401 καὶ

241 5434 321 5503 μὴ
356 5434 664 5502 νοούμενοι,
690 5438 786 5487 καὶ
807 5436 896 5489 διὰ
920 5436 1081 5490 τοῦτο
1104 5439 1258 5502 ὄντες
1284 5440 1500 5501 ἑαυτοῖς
1524 5441 1823 5509 Βάρϐαροι,

230 5526 416 5589 οὕτως
444 5528 540 5577 καὶ
568 5525 727 5595 ὑμεῖς
752 5542 767 5556 ⁸
803 5528 923 5580 ἀντὶ
949 5528 1064 5591 τοῦ,
1094 5530 1193 5583 Διὰ
1218 5528 1375 5583 τοῦτο
1397 5530 1493 5582 καὶ
1526 5531 1702 5599 ὑμεῖς.
1728 5533 1825 5585 Διὰ

235 5620 423 5681 amicti;
452 5618 541 5669 ἶνα
573 5618 649 5688 μὴ
678 5614 777 5689 ἦτε
807 5619 1062 5690 ἀλλήλοις
1100 5623 1398 5694 Βάρὸαροι.
1424 5624 1522 5677 Διὰ
1547 5625 1703 5678 τοῦτο
1731 5621 1824 5678 οὖν

238 5709 340 5761 καὶ
367 5709 550 5776 ὑμεῖς,
582 5710 705 5761 ἐπεὶ
734 5710 1031 5781 ἐπιθυμίαν
1085 5713 1234 5783 ἔχετε
1264 5718 1643 5785 χαρισμάτων,
1680 5716 1823 5768 ἐκει-

236 5815 350 5851 νων
404 5800 586 5868 τυχεῖν
615 5800 952 5868 ἁγωνίσασθε
992 5803 1060 5858 δι’
1087 5798 1163 5860 ὧν
1190 5806 1321 5875 ὑμῖν
1369 5807 1403 5875 ἡ
1447 5805 1681 5875 ὠφέλεια
1719 5807 1821 5874 τῆς

1920 3223 2117 3288 poterit
2158 3240 2355 3281 sensus
2396 3227 2637 3297 Apostoli
2677 3250 2691 3285 :
2748 3234 2916 3287 multa
2987 3248 3115 3293 sunt
3148 3255 3347 3311 genera
3396 3261 3496 3300 vo-

1917 3326 2064 3377 cum,
2088 3324 2139 3367 et
2172 3316 2377 3370 nullum
2412 3318 2603 3373 borum
2645 3339 2907 3392 generum
2934 3330 3208 3398 apbonum
3239 3345 3320 3389 est
3350 3354 3364 3391 :
3396 3337 3495 3393 sed

1918 3405 2192 3472 quodnam
2233 3406 2394 3461 nobis
2443 3409 2656 3463 lucrum
2694 3426 2723 3465 a
2778 3417 3003 3471 vocibus
3030 3418 3140 3475 illis
3188 3427 3492 3492 proveniet,

1919 3496 1964 3550 si
2000 3495 2132 3548 nihil
2166 3497 2360 3552 horum
2413 3499 2985 3571 intelligamuslNam
3034 3512 3079 3565 si
3132 3529 3239 3568 non
3285 3531 3496 3587 cogito--

1920 3602 2046 3641 vero
2070 3589 2196 3657 quid
2226 3604 2330 3644 vox
2381 3592 2670 3659 signiﬁcet,
2702 3612 2802 3653 ero
2832 3607 2885 3652 et
2911 3615 3012 3671 ego
3044 3603 3121 3657 illi
3153 3615 3208 3659 et
3241 3607 3331 3664 ille
3361 3611 3495 3666 mihi

1916 3676 2206 3733 barbarus.
2238 3680 2296 3734 Si
2327 3698 2457 3736 vero
2492 3695 2548 3737 ut
2594 3690 2873 3754 posterius
2894 3691 3102 3748 dictum
3131 3706 3235 3761 est.
3266 3713 3498 3771 accepe-

1921 3769 2116 3826 rimus.
2152 3772 2275 3827 talis
2334 3775 2498 3829 etiam
2546 3778 2651 3831 erit
2687 3778 3022 3840 intellectus.
3085 3787 3251 3843 Multa
3291 3769 3495 3862 genera

1921 3875 2113 3914 vocum
2146 3878 2271 3917 sunt
2303 3866 2355 3919 in
2392 3868 2615 3934 mundo,
2646 3881 2699 3925 et
2736 3876 2941 3929 nullum
2972 3878 3167 3934 horum
3195 3882 3494 3939 obscurum

1916 3962 1998 4006 est
2031 3963 2126 4007 aut
2179 3957 2515 4027 incognitum
2551 3962 2635 4016 bis
2665 3965 2759 4034 qui
2807 3967 3054 4036 ejusdem
3107 3972 3248 4027 inter
3280 3991 3341 4030 se
3367 3987 3499 4032 sunt

1918 4048 2155 4115 generis,
2208 4053 2486 4120 quomodo
2524 4070 2657 4127 ergo
2683 4074 2777 4113 vos
2819 4062 2871 4114 in
2929 4078 3057 4118 aera
3104 4067 3413 4137 loquentes,
3442 4082 3500 4127 et

1921 4138 2105 4208 ignota
2137 4141 2221 4196 his
2260 4143 2352 4211 qui
2385 4146 2551 4198 vestri
2582 4156 2711 4200 sunt
2737 4153 2953 4216 generis
2980 4165 3261 4223 sonantes,
3296 4164 3498 4216 cristas

1919 4232 2150 4299 erigitis,
2181 4248 2245 4287 ac
2270 4237 2316 4289 si
2351 4250 2611 4304 maguum
2645 4239 2849 4310 aliquid
2886 4247 3275 4313 peregissetis?
3302 4260 3357 4306 et
3387 4268 3498 4308 non

1920 4325 2096 4395 magis
2140 4328 2376 4384 studetis
2422 4342 2515 4385 aut
2545 4334 2772 4397 curatis,
2803 4344 2882 4401 ut,
2914 4350 3137 4409 accepta
3185 4342 3497 4413 linguarum

1923 4414 2399 4485 interpretatione,
2456 4420 2526 4475 ad
2602 4436 2951 4480 communem
3010 4430 3301 4483 utilitatem
3353 4433 3500 4487 dono

1926 4509 2193 4563 utamini?
2239 4509 2372 4563 Nam
2408 4513 2500 4582 qui
2536 4523 2743 4569 tantum
2787 4517 2992 4585 linguis
3026 4522 3287 4590 loquitur,
3324 4525 3369 4579 si
3403 4527 3501 4579 ob-

1924 4611 2084 4652 scura
2118 4609 2171 4654 et
2213 4601 2489 4675 incognita
2530 4609 2601 4660 sit
2636 4624 2739 4662 vox
2785 4610 3045 4675 auditori,
3079 4630 3206 4669 eum
3239 4620 3500 4686 prodesse

1923 4689 2164 4758 deberet,
2208 4697 2311 4751 erit
2358 4697 2407 4751 ei
2464 4697 2752 4761 barbarus.
2806 4711 2861 4755 et
2887 4705 3104 4761 auditor
3155 4708 3408 4763 similiter
3448 4711 3500 4764 ei

1924 4783 2017 4851 qui
2059 4783 2300 4853 loquitur
2349 4791 2689 4858 reputabitur
2735 4791 3004 4850 barbarus
3053 4806 3151 4851 :et
3192 4801 3339 4868 quod
3375 4803 3501 4857 inde

1923 4875 2135 4930 lucrum
2166 4878 2311 4932 erit?
2348 4898 2367 4932 ι
2392 4878 2447 4935 Si
2481 4882 2645 4953 igitur
2678 4885 2927 4940 nesriero
2957 4888 3061 4941 vim
3095 4891 3267 4946 vocis.
3300 4909 3320 4944 ι
3362 4893 3502 4948 Sunt

1925 4983 2056 5038 ergo
2100 4970 2404 5028 innumerae
2458 4991 2624 5032 voces
2673 4978 2731 5032 in
2788 4980 3010 5034 mundo.
3042 4981 3229 5052 Itaque
3290 4987 3335 5041 si
3390 5003 3500 5043 non

1927 5062 2098 5117 sciam
2136 5064 2245 5119 vim
2279 5067 2454 5130 vocis,
2492 5068 2595 5123 hoc
2627 5080 2731 5134 cst,
2779 5070 2823 5123 si
2883 5075 3124 5127 nesciam
3156 5076 3284 5143 quid
3326 5078 3504 5148 loqui-

1928 5163 2036 5219 tur,
2087 5156 2294 5212 erimus
2327 5158 2487 5213 nobis
2541 5171 2729 5214 mutuo
2760 5161 2976 5217 barbari
3017 5180 3175 5219 :non
3225 5168 3297 5223 ob
3353 5172 3505 5226 vocis

1927 5247 2143 5311 vitium,
2174 5250 2269 5305 sed
2298 5250 2370 5305 ob
2396 5251 2760 5319 ignorantiam
2786 5264 3052 5311 nostram.
3087 5276 3105 5308 ι
3139 5258 3217 5312 lta
3241 5268 3295 5315 et
3325 5277 3444 5317 vos.
3478 5281 3498 5315 ι

1929 5342 2026 5395 Ita.
2051 5342 2302 5407 Quonam
2334 5342 2541 5397 modo?
2565 5344 2720 5399 Sicut
2743 5347 2834 5414 qui
2873 5348 3175 5416 loquuntur
3214 5366 3314 5405 nec
3345 5352 3507 5407 intel-

1928 5434 2195 5501 liguntur,
2232 5444 2284 5487 et
2331 5434 2455 5488 ideo
2488 5434 2589 5490 sibi
2630 5444 2821 5489 mutuo
2865 5447 2993 5491 sunt
3036 5439 3252 5493 barbari
3287 5460 3301 5495 :
3339 5443 3412 5495 ita
3447 5452 3504 5497 et

1927 5540 2060 5589 vos,
2110 5527 2161 5577 id
2207 5534 2314 5590 est,
2346 5534 2631 5595 prapterea
2673 5534 2728 5580 et
2772 5542 2893 5582 vos.
2947 5527 3173 5598 Propter
3219 5532 3399 5599 quid?
3434 5549 3505 5589 ne

1926 5617 2085 5671 scitis
2120 5615 2273 5670 vobis
2310 5618 2543 5671 invicem
2589 5615 2837 5671 Barbari.
2888 5617 3180 5687 Propterea
3232 5623 3402 5692 igitur
3450 5633 3505 5679 et

1924 5726 2027 5765 vos
2070 5712 2384 5779 :quoniam
2449 5709 2592 5763 dona
2640 5711 3053 5780 concupiscitis,
3125 5713 3219 5768 illa
3280 5719 3503 5786 assequi

1929 5805 2247 5861 contendite
2272 5819 2371 5874 per
2401 5814 2521 5874 qua
2549 5801 2810 5860 Ecclesiae
2839 5803 3051 5863 utilitas
3080 5814 3137 5862 et
3159 5805 3445 5866 aediﬁcatio
3473 5825 3504 5863 α
