4204 6464
184 392 295 457 8⁸13

1119 404 1502 465 COMMENT.
1540 405 1617 465 IN
1645 404 1881 477 EPIST.
1912 408 1934 465 Ι
1965 408 2064 468 ΑΙ)
2092 410 2454 474 CORINTH.

3346 422 3452 483 874

182 527 295 575 τας
322 511 465 577 τοὺς
481 514 731 582 ἐχθροὺς
755 518 874 570 ὑπὸ
897 518 1035 583 τοὺς
1052 520 1239 585 πόδας
1251 521 1750 591 αὑτοῦ.Ἔσχατο‹

1878 527 2118 591 posuerit
2192 544 2370 583 omnes
2444 532 2686 587 iniiicos
2741 533 2837 587 sub
2912 536 3067 603 pedes
3117 555 3263 592 suos.
3316 537 3452 592 Pos-

176 602 398 668 ἐχθρὸς
427 609 803 675 καταργεῖται
831 612 863 662 ὀ
899 609 1175 675 θάνατος.
1199 612 1402 665 Πάντα
1428 615 1536 683 γὰρ
1557 615 1772 669 ὑπέτα-

179 691 290 754 ξεν
310 693 425 747 ὑπὸ
448 696 588 764 τοὺς
608 700 1211 765 πόδαςαὺτοῦ.’¹οταν
1235 704 1302 757 δὲ
1315 705 1457 773 εἴπῃ
1476 706 1561 760 ὅτι
1577 708 1773 761 πάντα

179 784 601 852 ὑποτέτακται,
647 789 931 858 δηλονότι
988 793 1164 859 ἐκτὸς
1197 797 1303 849 τοῦ
1352 797 1771 864 ὑποτάξαντος

174 875 341 939 αὑτῷ
360 878 431 929 τὰ
450 878 663 933 πάντα.
696 884 879 936 Ὀταν
897 884 965 938 δὲ
984 887 1255 956 ὑποταγῇ
1274 889 1432 954 αὐτῷ
1460 890 1529 945 τὰ
1548 892 1767 955 πάντα,

174 967 314 1020 τότε
330 969 426 1022 καὶ
445 974 628 1038 αὑτὸς
642 977 675 1026 ό
701 977 788 1027 ΥΠ
802 998 832 1041 ς
846 980 1290 1048 ὑποταγήσεται
1309 982 1387 1047 τῷ
1404 986 1771 1049 ὑποτάξαντι

172 1060 339 1125 αὐτῷ
369 1062 441 1116 τὰ
471 1065 803 1132 πάντα,ἳγα
890 1074 922 1123 ό
954 1073 1091 1139 Θεὸς
1124 1073 1319 1128 πάντα
1352 1077 1420 1129 ἐν
1452 1076 1661 1134 πᾶσιν.

243 1153 322 1205 Τὸ
342 1154 654 1224 βασιλεύειν
705 1162 958 1228 ἐνταῦθα,
1001 1166 1098 1235 οὐχ
1128 1166 1337 1231 ἁπλῶς,
1364 1169 1478 1222 ἀλλ’
1502 1165 1635 1235 οἷον,
1670 1174 1765 1225 Δεῖ

170 1244 340 1298 αὐτὸν
369 1249 440 1300 τὰ
473 1251 566 1302 τοῦ
606 1251 985 1319 βασιλεύοντος
1035 1263 1230 1322 ποιεῖν,
1290 1262 1565 1328 τουτέστι,
1601 1264 1765 1317 πολε⁹

172 1345 294 1411 μεῖν
327 1346 458 1408 τοὺς
482 1347 733 1419 ἐχθροὺς,
789 1357 1100 1423 συμμαχεῖν
1146 1358 1260 1420 τοῖς
1292 1357 1465 1420 ἰδίοις,
1510 1360 1637 1421 τοὺς
1667 1361 1765 1430 μὲν

167 1436 534 1503 τροποῦσθαι,
582 1442 711 1505 τοὺς
768 1443 825 1496 δὲ
860 1445 1107 1513 ῥύεσθαι.
1139 1467 1157 1499 ι
1199 1450 1395 1518 ’Λχρις
1422 1443 1484 1503 οὗ
1522 1451 1588 1503 ἂν
1617 1451 1707 1521 θῇ,
1742 1472 1760 1504 ι

167 1530 262 1580 καὶ
295 1529 448 1598 ἑξῆς.
485 1532 639 1585 Μετὰ
664 1534 773 1604 γὰρ
816 1535 1009 1601 ταῦτα,
1056 1538 1269 1603 οὐδενὸς
1314 1541 1422 1592 τῶν
1459 1544 1764 1613 εἰρημένων

166 1620 349 1688 χρεία.
398 1623 787 1685 Ἀστασίαστος
810 1626 919 1695 γὰρ
945 1628 1131 1682 λοιπον
1161 1629 1482 1699 ἡβασιλεία.
1522 1651 1541 1683 ι
1570 1636 1763 1704 Ἀχρις

166 1706 227 1763 οὗ
257 1712 329 1764 ἂν
358 1712 449 1783 θῇ.
488 1733 507 1765 ι
544 1716 617 1768 Οὐ
647 1718 798 1780 τέλος
836 1720 1099 1783 ἐπιτιθεὶς
1132 1726 1197 1791 τῇ
1230 1722 1495 1793 βασιλεία,
1524 1721 1643 1780 εἷπε
1678 1726 1760 1788 τὸ,

174 1821 189 1852 ι
222 1802 424 1873 Ἀχρις
441 1802 499 1859 οὗ
530 1808 593 1858 ἂν
614 1807 703 1878 θῇ,
740 1828 758 1860 ι
788 1810 904 1862 ἀλλ’
922 1812 1240 1878 ἀξιόπιστον
1265 1816 1432 1868 ποιῶν
1456 1817 1517 1869 τὸ
1535 1820 1762 1890 εἰρημέ-

1882 626 2080 671 (remus
2131 618 2299 672 hostis
2349 620 2644 675 abolebitur
2709 640 2872 678 mors.
2916 623 3059 678 Nam
3112 630 3290 681 omnia
3325 630 3453 682 sub-

1869 705 2000 774 jecit
2024 708 2118 760 sub
2162 710 2317 777 pedes
2358 712 2525 766 illius.
2560 716 2716 782 Atqui
2776 732 2895 769 cum
2930 717 3079 770 dicat
3110 721 3247 787 quod
3272 722 3452 772 omnia

1876 798 2111 867 subjecta
2140 802 2267 866 sint,
2293 804 2472 870 palam
2502 815 2578 859 est
2607 806 2970 874 excipiendum
2997 825 3115 862 eum
3143 811 3234 877 qui
3278 810 3456 878 subje-

1875 891 1944 941 cit
1972 890 2074 958 ipsi
2097 893 2293 945 omnia.
2326 892 2458 948 Cum
2491 909 2665 950 autem
2710 897 2947 967 subjecta
2970 900 3165 967 fuerint
3194 902 3296 970 ipsi
3337 917 3452 954 om-

1877 982 1986 1043 nia,
2028 990 2151 1035 tunc
2182 991 2233 1035 et
2259 984 2371 1052 ipse
2410 983 2589 1039 Filius
2620 988 2940 1056 subjicietur
2996 991 3043 1042 ei
3089 991 3178 1059 qui
3227 991 3452 1057 subiecit

1875 1071 1976 1138 ipsi
2009 1077 2207 1143 omnia,
2231 1087 2288 1129 ut
2328 1079 2396 1131 sit
2426 1077 2569 1133 Deus
2606 1084 2783 1135 omnia
2815 1086 2867 1137 in
2892 1085 3157 1139 omnibus.
3267 1072 3277 1079 ’

1946 1162 2195 1234 Regnare
2227 1169 2329 1222 lioc
2366 1170 2487 1223 loco
2518 1186 2625 1225 non
2661 1173 2867 1241 vulgari
2892 1175 3053 1228 modo
3086 1175 3328 1244 capitur,
3352 1175 3447 1230 sed

1876 1261 1935 1306 ut
1962 1255 2034 1307 sit
2061 1259 2347 1325 regnantis
2387 1274 2551 1328 opera
2582 1276 2864 1328 exercere,
2898 1273 3027 1333 puta
3061 1266 3322 1321 inimicos
3356 1266 3452 1320 de-

1873 1347 2101 1413 bellare,
2128 1352 2243 1405 suis
2288 1353 2572 1421 auxiliari,
2632 1357 2755 1411 illos
2790 1359 3012 1427 quidem
3041 1369 3306 1424 evertere,
3349 1361 3450 1415 bos

1872 1452 2002 1491 vero
2041 1440 2297 1497 liberare.
2335 1461 2352 1493 ι
2394 1442 2575 1499 Donec
2640 1448 2888 1515 posuerit
2958 1464 3152 1504 omnes
3194 1451 3447 1504 inimicos

1872 1530 1976 1583 sub
2008 1532 2169 1600 pedes
2205 1549 2356 1589 suos.
2395 1554 2413 1586 ι
2444 1535 2574 1591 Post
2600 1538 2713 1591 haec
2744 1541 2889 1592 enim
2926 1541 3077 1594 nullo
3100 1558 3290 1595 eorum
3327 1558 3449 1612 qua:

1871 1620 2018 1675 dicta
2079 1635 2209 1677 sunt
2265 1642 2406 1697 opus
2445 1630 2569 1685 erit.
2616 1628 2751 1683 Nam
2793 1632 3161 1689 seditionibus
3218 1651 3445 1706 regnum

1867 1714 2125 1786 deinceps
2155 1720 2382 1775 carebit.
2422 1720 2605 1777 Donec
2649 1727 2916 1794 posuerit,
2963 1741 3070 1780 non
3101 1727 3260 1781 ﬁnem
3295 1730 3444 1799 regni

1868 1808 2022 1874 dicit,
2083 1812 2177 1866 sed
2213 1819 2272 1865 ut
2301 1815 2563 1870 credibile
2612 1815 2777 1870 faciat
2808 1822 2953 1887 quod
2988 1820 3195 1875 dictum
3232 1832 3335 1888 est,
3388 1834 3444 1878 et

166 1912 277 1957 νον,
304 1896 403 1948 καὶ
424 1895 650 1969 θαρρεῖν
684 1904 1143 1972 παρασκευάζων,
1176 1907 1374 1961 ὡσανεὶ
1402 1910 1553 1978 ἔλεγε
1577 1928 1591 1943 ⁸
1638 1912 1750 1981 Μὴ,

1870 1900 2072 1954 bonum
2127 1904 2291 1958 addat
2321 1906 2586 1971 animum,
2624 1924 2687 1963 ac
2712 1910 2757 1964 si
2794 1911 3023 1966 dixisset
3057 1930 3068 1964 :
3118 1913 3441 1984 Quanquam

164 1989 363 2059 ἐπειδὴ
401 1990 666 2060 ἤκουσας,
695 1987 739 2047 ὦ
772 1990 947 2060 οὗτος,
974 1998 1055 2051 ὅτι
1078 2002 1418 2071 καταργήσει
1452 2006 1633 2056 πᾶσαν
1664 2005 1761 2075 ἁρ-

164 2080 265 2149 χὴν
299 2083 397 2134 καὶ
455 2084 724 2149 ἐξουσίαν,
789 2090 880 2142 καὶ
909 2092 1071 2144 αὐτὸν
1102 2093 1193 2146 τὸν
1232 2094 1485 2160 θάνατον,
1516 2097 1763 2169 φοϐηθῇς

158 2168 237 2231 ὡς
298 2172 621 2237 ἁτονοῠντος
672 2178 859 2232 αὐτοῦ.
902 2181 1046 2245 "Em;
1098 2184 1207 2254 γὰρ
1255 2184 1320 2238 ἂν
1352 2188 1527 2240 πάντα
1560 2192 1758 2263 ποιήσῃ

163 2258 469 2327 βασιλεύει,
500 2266 559 2317 οὗ
596 2267 755 2321 τοῦτο
807 2271 1007 2339 λέγων,
1042 2275 1124 2327 ὅτι
1169 2276 1305 2345 μετᾶ
1341 2278 1401 2330 τὸ
1441 2281 1666 2348 ποιῆσαι
1696 2284 1756 2335 οὐ

164 2353 501 2418 βασιλεύσει,
536 2358 652 2410 ἀλλ’
688 2362 866 2415 ἐκεῖνο
895 2363 1129 2431 δεικνὺς,
1164 2368 1244 2419 ὅτι
1296 2370 1397 2421 κᾶν
1430 2370 1504 2443 μὴ
1536 2372 1629 2425 ννέν
1660 2375 1757 2442 γέ·

162 2464 351 2513 νηται,
389 2451 612 2513 πάντως
672 2453 846 2508 ἔσται.
897 2458 1108 2525 Κρατεῖ
1145 2461 1253 2529 γὰρ
1297 2464 1483 2527 αὑτοῦ,
1516 2468 1756 2539 φησ“ιν,ἠ

164 2537 421 2603 βασιλεία
440 2544 535 2594 καὶ
562 2544 662 2601 οὐκ
689 2546 888 2612 ἀτονεῖ,
917 2549 1074 2619 ἄχρις
1100 2547 1160 2605 οὗ
1187 2553 1361 2606 πάντα
1393 2557 1755 2626 κατορθώσει.

172 2631 232 2681 Ἡ
274 2632 331 2683 δὲ
362 2635 640 2701 κρατοῦσα
684 2638 842 2707 ἄχρις
874 2635 932 2693 οὗ
967 2644 1142 2694 πάντα
1196 2646 1538 2718 κατορθωθῇ,
1576 2650 1757 2724 πολλῷ

163 2726 370 2791 μᾶλλον
388 2729 523 2797 μετὰ
550 2730 609 2781 τὸ
639 2733 1055 2803 κατορθωθῆναι
1102 2740 1387 2807 κρατήσει.
1424 2760 1442 2791 ι
1478 2743 1583 2794 Καὶ
1604 2743 1757 2811 βασι-

160 2818 308 2881 λείας
335 2819 531 2887 αὑτοῦ,
569 2824 757 2893 φησὶν,
793 2824 893 2877 οὐκ
938 2826 1088 2879 ἔσται
1145 2829 1318 2892 τέλος.
1350 2851 1366 2881 ι
1406 2833 1477 2883 Τὸ
1525 2834 1579 2886 δὲ
1620 2835 1755 2902 ἄχρι

159 2912 255 2962 καὶ
304 2911 372 2963 τὸ
420 2911 553 2976 ἕως,
581 2915 641 2966 οὐ
687 2918 862 2969 κεῖται
898 2920 1093 2989 χρόνου
1148 2924 1581 2991 συντελεστικὸν,
1614 2926 1753 2989 ἀλλ’,

172 3005 308 3058 ’Λεί.
351 3000 480 3058 Οἷον
511 3008 589 3069 τὸ,
633 3026 650 3058 ι
700 3006 842 3075 Ἐγὼ
889 3010 1011 3078 μεθ’
1071 3012 1225 3081 ὑμῶν
1259 3014 1375 3083 εἰμι
1423 3016 1603 3079 πάσας
1655 3022 1753 3082 τὰς

160 3098 382 3165 ἡμέρας
432 3097 537 3164 ἕως
582 3098 681 3166 τῆς
716 3100 1049 3168 συντελείας.
1094 3122 1112 3153 ι
1156 3105 1264 3156 Καὶ
1298 3106 1377 3171 τὸ,
1416 3125 1434 3157 ι
1470 3108 1655 3161 Κάθου
1689 3111 1751 3163 ἐκ

156 3188 349 3252 δεξιῶν
413 3208 513 3258 μου
569 3191 694 3253 ἕως,
730 3211 747 3242 ι
786 3194 881 3244 καὶ
905 3194 984 3257 τὸ,
1024 3214 1040 3243 ι
1082 3196 1366 3265 Παρέλαϐε
1384 3200 1483 3268 τὴν
1518 3206 1750 3264 γυναῖκα

1864 3191 2113 3263 Semper.
2183 3197 2360 3253 Veluti
2439 3217 2564 3255 cum
2623 3203 2758 3257 dicit

158 3279 327 3331 αὐτοῦ
390 3281 484 3334 καὶ
529 3282 628 3334 οὐκ
689 3282 987 3351 ἐγίνωσκεν
1035 3287 1203 3357 αὐτὴν
1252 3288 1376 3351 ἕως.
1414 3308 1431 3339 ι
1470 3291 1561 3343 Δεῖ
1594 3294 1754 3345 αὐτὸν

161 3370 477 3436 βασιλεύειν
514 3374 601 3426 ἀεὶ
649 3376 742 3428 καὶ
788 3377 892 3446 πρὸ
932 3377 1024 3429 τοῦ
1073 3379 1338 3442 ὑποτάξαι
1368 3382 1490 3445 τοὺς
1525 3383 1753 3454 ἐχθροὺς

160 3465 260 3515 ὑπὸ
314 3466 446 3527 τοὺς
503 3467 687 3532 πόδας,
743 3470 834 3519 καὶ
870 3468 1008 3537 μετὰ
1039 3469 1096 3521 τὸ
1129 3471 1412 3535 ὑποτάξαι.
1458 3475 1671 3538 Πάντας
1696 3477 1752 3529 δὲ

156 3555 279 3617 τοὺς
332 3556 568 3626 ἐχθρούς
631 3576 783 3629 φησι,
835 3561 1101 3626 τουτέστι,
1151 3563 1279 3624 τοὺς
1322 3564 1605 3634 δαίμονας,
1659 3569 1751 3621 τὸν

155 3646 427 3708 διάϐολον,
450 3647 542 3699 τὸν
575 3647 822 3714 θάνατον,
861 3652 985 3713 τοὺς
1009 3652 1291 3716 ἀπίστους.
1326 3654 1386 3706 Ἠ
1419 3655 1474 3707 δὲ
1494 3650 1631 3728 ἧττα
1659 3658 1750 3710 τοῦ

152 3738 413 3801 θανάτου,
438 3742 497 3792 τὸ
532 3742 897 3814 ἀφαιρεθῆναι
922 3744 1084 3796 αὑτοῦ
1116 3748 1239 3808 τοὺς
1268 3749 1497 3815 νεκροὺς
1532 3752 1596 3818 τῇ
1620 3751 1750 3803 ἁνα-

158 3833 369 3885 στάσει.
414 3852 430 3883 ι
470 3837 563 3886 Δεῖ
619 3838 728 3906 γὰρ
770 3837 932 3888 αὑτὸν
990 3838 1301 3906 βασιλεύειν
1354 3842 1460 3895 ἀεί.
1501 3860 1519 3893 ι
1576 3842 1749 3897 Τοῦτο

154 3924 298 3991 λέγει
334 3927 419 3988 τὸ,
451 3946 468 3977 ι
509 3930 724 3997 Ἀκρις.
774 3947 791 3978 ι
832 3930 998 3999 Θήσει
1053 3933 1157 3998 γὰρ
1216 3932 1339 3994 τοὺς
1380 3934 1609 4003 ἐχθροὺς
1643 3936 1748 3989 ὑπὸ

154 4017 276 4081 τοὺς
318 4017 493 4071 αὑτοῦ
527 4020 716 4082 πόδας.
763 4021 825 4072 Εἰ
874 4023 983 4092 γὰρ
1020 4024 1127 4093 πρὸ
1162 4023 1255 4076 τοῦ
1296 4024 1519 4093 τεθῆναι
1555 4027 1743 4080 ἐϐασί-

153 4106 297 4169 λευε,
366 4110 550 4180 πολλῷ
604 4114 805 4181 μᾶλλον
869 4115 1006 4183 μετὰ
1046 4115 1107 4167 τὸ
1145 4114 1325 4182 θῆναι.
1364 4135 1381 4166 ι
1420 4118 1605 4171 Πάντα
1636 4121 1745 4190 γὰρ

157 4201 425 4269 ὑπέταξεν
477 4204 582 4255 ὑπὸ
626 4207 751 4268 τοὺς
814 4207 976 4268 πόδας
1020 4207 1207 4261 αὑτοῦ,
1250 4226 1268 4259 ›
1318 4208 1536 4280 Ἐπειδὴ
1567 4212 1743 4264 πάντα

155 4298 301 4365 παρα
324 4296 424 4349 τοῦ
459 4296 585 4348 1⁸ἱοῦ
617 4298 719 4367 ἔφη
770 4298 1040 4365 γίνεσθαι,
1075 4300 1171 4368 τὴν
1219 4298 1497 4369 βασιλείαν
1543 4319 1743 4374 κατορ-

153 4387 401 4452 θοίσεαι,
459 4389 558 4451 τὰς
606 4388 855 4453 ἔξουσίας
899 4393 1317 4459 καταργεῖσθαι,
1376 4396 1580 4457 πάντας
1636 4397 1741 4449 ὑπὸ

150 4481 273 4540 τοὺς
336 4480 510 4542 πόδας
555 4481 791 4545 κεῖσθαι,
833 4482 1074 4553 ἐφοϐήθη
1131 4485 1205 4555 μὴ
1258 4486 1460 4554 μείζων
1507 4490 1737 4561 νομισθῇ

1869 1992 2096 2057 audisti,
2128 2010 2160 2048 ο
2231 2005 2284 2049 tu
2321 1996 2577 2067 quisquis
2628 2015 2708 2065 es,
2752 2001 2897 2070 quod
2939 2002 3179 2057 abolebit
3224 2018 3441 2060 onmem

1871 2085 2239 2156 principatum
2301 2100 2354 2144 et
2425 2108 2643 2147 onmem
2694 2104 3017 2163 potestatem
3076 2113 3141 2153 ac
3210 2108 3440 2154 mortem

1866 2178 2064 2245 ipsam,
2113 2195 2179 2234 ne
2211 2182 2409 2237 timeas
2456 2186 2612 2254 quasi
2648 2186 2892 2242 futurum
2922 2197 3071 2245 esset
3109 2199 3167 2244 ut
3213 2191 3329 2261 ipse
3358 2192 3439 2245 la-

1865 2268 1995 2323 bore
2020 2269 2295 2327 deﬁceret.
2320 2272 2499 2331 Donec
2526 2278 2668 2331 enim
2695 2281 2879 2334 omnia
2911 2281 3125 2346 iecerit,
3158 2284 3433 2352 regnabit:

1861 2375 1971 2415 non
2005 2363 2105 2416 hoc
2130 2364 2318 2419 dicens
2358 2368 2505 2437 quod
2540 2379 2827 2439 postquam
2864 2373 3056 2429 fecerit
3091 2392 3197 2430 non
3239 2392 3436 2448 regna-

1864 2454 1942 2509 bit
1977 2475 1990 2508 :
2027 2458 2118 2510 sed
2147 2460 2274 2513 illud
2306 2463 2604 2517 ostendens
2626 2465 2797 2534 quod,
2827 2467 2951 2522 licet
2985 2470 3150 2523 modo
3184 2471 3295 2526 haec
3324 2486 3436 2527 non

1862 2550 2013 2611 ﬁant,
2072 2553 2300 2606 omnino
2351 2565 2529 2609 tamen
2567 2567 2747 2610 erunt.
2813 2559 2993 2614 Vincit
3020 2563 3163 2615 enim
3204 2579 3434 2633 regnum

1859 2642 2001 2712 ejus,
2045 2660 2145 2697 nec
2178 2646 2395 2701 deﬁciet
2421 2664 2713 2720 quousque
2756 2654 2939 2706 omnia
2978 2655 3230 2724 perﬁciat
3266 2675 3278 2710 :
3313 2658 3436 2708 vin-

1860 2751 1989 2789 cens
2032 2746 2212 2791 autem
2247 2754 2535 2811 quousque
2576 2745 2757 2798 omnia
2786 2746 3053 2813 perﬁciat,
3104 2747 3277 2800 multo
3319 2762 3436 2799 ma-

1860 2829 1943 2897 gis
1986 2832 2160 2885 vincet
2212 2842 2504 2905 postquam
2541 2837 2777 2906 perfecta
2835 2839 3059 2894 fuerint.
3110 2840 3275 2912 566
3313 2862 3331 2892 ι
3372 2842 3439 2895 Et

1860 2922 2010 2989 regni
2064 2924 2206 2990 ejus,
2270 2927 2470 2994 inquit,
2502 2945 2611 2984 non
2667 2931 2772 2984 erit
2825 2932 2949 2987 ﬁnis
2979 2934 3045 2985 δ’.
3090 2952 3108 2984 ι
3160 2932 3439 2988 Dielioncs

1858 3010 2027 3081 igitur
2054 3014 2181 3083 ἄχρι
2213 3026 2265 3070 et
2292 3017 2397 3083 ’έως
2422 3019 2587 3075 donec
2618 3032 2670 3076 et
2695 3040 2981 3094 quousque,
3031 3040 3139 3079 non
3172 3026 3438 3093 temporis

1857 3103 2145 3173 designant
2209 3110 2527 3176 terminum,
2587 3113 2680 3166 sed
2741 3114 2882 3169 idem
2941 3115 3260 3184 signiﬁcant
3289 3115 3437 3185 quod

2823 3223 2835 3258 :
2891 3223 2907 3256 ι
2986 3206 3097 3277 Ego
3149 3207 3437 3262 vobiscum

1861 3297 1983 3338 sum
2034 3285 2293 3340 omnibus
2365 3289 2561 3346 diebus
2629 3307 2802 3362 usque
2860 3293 2927 3347 ad
2994 3297 3433 3350 consummatio-

1858 3389 1981 3427 nem
2018 3373 2087 3428 '°.
2129 3395 2150 3428 ι
2186 3386 2239 3430 et
2270 3418 2284 3429 .
2319 3396 2337 3429 ι
2396 3379 2538 3435 Sede
2586 3397 2615 3435 a
2649 3384 2857 3438 dextris
2889 3387 3047 3449 meis,
3097 3387 3274 3442 donec
3335 3404 3405 3458 po

1858 3480 2021 3521 suero
2075 3467 2331 3525 inimicos
2367 3480 2492 3526 tuos
2544 3473 2614 3526 ".
2652 3493 2671 3525 ι
2703 3484 2757 3529 et
2793 3492 2805 3526 :
2843 3496 2862 3527 ι
2908 3478 3135 3549 Accepit
3207 3497 3432 3535 uxorem

1858 3575 2037 3624 suam,
2097 3570 2151 3615 et
2210 3578 2318 3616 non
2386 3566 2640 3634 cognovit
2676 3583 2795 3621 eam
2848 3570 3025 3624 donec
3067 3574 3277 3641 peperit
3308 3575 3373 3629 ".
3410 3593 3428 3625 ι

1858 3648 2085 3719 Oportet
2113 3654 2255 3705 enim
2288 3669 2408 3706 eum
2440 3670 2655 3726 semper
2717 3674 2970 3728 regnare,
3004 3673 3059 3715 et
3111 3666 3432 3734 priusquam

1858 3743 2118 3811 subjiciat
2149 3744 2404 3800 inimicos
2436 3748 2539 3801 sub
2565 3750 2747 3817 pedes,
2776 3764 2825 3805 et
2856 3766 3143 3823 postquam
3180 3759 3435 3826 subjece-

1854 3835 1945 3888 rit.
1978 3834 2183 3892 Omnes
2222 3848 2403 3892 autem
2444 3841 2700 3898 inimicos
2732 3844 2905 3900 dicit:
2939 3848 3041 3902 hoc
3066 3859 3170 3914 est,
3228 3851 3433 3907 daemo-

1854 3942 1973 3992 nes,
2014 3929 2315 3995 diabolum,
2346 3942 2601 3997 mortem,
2634 3949 2697 3989 ac
2735 3936 3071 3995 incredulos.
3131 3942 3432 3997 Conﬁictus

1853 4030 2036 4076 autem
2062 4039 2171 4093 quo
2211 4041 2359 4080 mors
2394 4026 2708 4083 devincitur
2734 4040 2818 4085 est
2847 4033 3053 4087 ablatio
3084 4049 3426 4091 mortuorum

1850 4115 1920 4168 ab
1961 4116 2073 4184 ipsa
2110 4132 2206 4186 per
2247 4121 2730 4175 resurrectionem.
2775 4141 2792 4173 ι
2824 4122 3216 4192 Oportetenim
3252 4130 3430 4197 ipsum

1850 4221 2065 4275 semper
2119 4224 2388 4278 regnare,
2432 4230 2449 4263 ι
2510 4221 2563 4266 et
2613 4214 2716 4267 hoc
2756 4216 3055 4284 signiﬁcat,
3105 4238 3124 4270 ι
3165 4218 3370 4277 Donec.
3405 4241 3422 4272 ι

1847 4295 1982 4348 Nam
2049 4311 2213 4367 ponet
2271 4301 2529 4357 inimicos
2577 4305 2681 4358 sub
2740 4308 2906 4375 pedes
2970 4323 3123 4363 suos.
3183 4308 3239 4363 Si
3298 4328 3430 4378 ergo

1847 4390 2166 4459 priusquam
2192 4405 2418 4461 poneret
2443 4396 2727 4463 regnabat,
2747 4400 2917 4451 multo
2942 4401 3111 4469 magis
3139 4412 3427 4472 postquam

1847 4485 2114 4549 posuerit.
2153 4504 2170 4536 ι
2213 4484 2348 4539 Nam
2384 4491 2564 4542 omnia
2604 4491 2969 4559 subjecitsub
2998 4494 3166 4563 pedes
3190 4496 3356 4550 illius.
3403 4516 3421 4546 ο

150 4569 178 4620 ὁ
198 4570 324 4634 Υἱὸς
342 4572 441 4624 τοῦ
466 4574 703 4643 Πατρδς,
737 4576 830 4627 καὶ
862 4545 1046 4627 λοιπον
1064 4545 1092 4628 ’ἐ
1184 4545 1273 4629 τὸν
1305 4545 1521 4649 Πατέρα
1548 4545 1739 4649 ὁινὰγέί

1853 4545 2119 4640 Quoniam
2147 4578 2287 4631 dixit
2317 4583 2501 4634 omnia
2530 4583 2646 4636 ﬁeri
2681 4545 2891 4650 a'Filio,
2922 4545 2977 4639 et
3000 4545 3232 4656 ieguum
3260 4590 3425 4659 dirigi

147 4660 211 4713 τὰ
235 4664 441 4725 πάντα,
473 4683 491 4714 ι
518 4667 725 4729 Πάντα,
758 4667 950 4733 λέγων,
992 4669 1261 4734 ὑπέταξεν
1291 4669 1394 4721 ὑπὸ
1426 4673 1550 4734 τοὺς
1575 4674 1741 4737 πόδας

148 4756 335 4821 αὐτοῦ,
379 4776 399 4807 ι
435 4758 650 4822 δεικνὺς
685 4762 895 4813 ἐκεῖθεν
931 4758 1067 4814 εἶναι
1098 4762 1175 4832 τῷ
1215 4763 1327 4833 Υἱῷ
1364 4764 1422 4816 τὸ
1455 4765 1738 4832 δύνασθαι,

148 4848 207 4900 ἐκ
235 4848 336 4916 τῆς
370 4850 605 4918 ἀχρόνου
646 4852 844 4914 αἰτίας.
881 4871 898 4903 ι
944 4854 1114 4906 Ὅταν
1174 4854 1229 4906 δὲ
1282 4856 1433 4926 εἴπῃ,
1465 4874 1483 4906 ι
1515 4860 1542 4909 ὁ
1578 4860 1740 4911 Δαυῖδ

149 4959 298 5011 φησι.
330 4942 499 5009 Λέγει
528 4946 637 5014 γὰρ
662 4946 891 5011 ἐκεῖνος,
929 4964 946 4996 ι
982 4948 1167 5001 Πάντα
1192 4949 1459 5013 ὑπέταξεν
1485 4956 1512 5006 ὁ
1546 4957 1736 5029 Πατὴρ

148 5035 247 5084 ὑπὸ
276 5036 405 5096 τοὺς
444 5035 609 5097 πόδας
645 5036 832 5098 αὐτοῦ,
871 5039 1119 5108 πρόϐατα
1151 5040 1241 5090 καὶ
1272 5040 1399 5108 βόας
1427 5036 1667 5110 ἁπάσας,
1710 5070 1731 5103 ι

148 5125 200 5187 ἐξ
233 5118 294 5177 οὗ
324 5126 424 5177 καὶ
478 5126 576 5194 τὴν
621 5129 930 5197 μαρτυρίαν
975 5130 1143 5197 λέγει.
1174 5131 1316 5203 Ὀρα
1340 5134 1395 5187 δὲ
1428 5136 1544 5199 πῶς
1578 5140 1735 5208 δῆλός

146 5218 287 5271 ἐστιν
319 5222 531 5271 ἐκεῖνον
566 5219 824 5289 φοϐηθεὶς
857 5224 949 5274 τον
984 5224 1169 5290 φόὸον,
1200 5226 1265 5276 τὸ
1305 5227 1379 5296 μὴ
1408 5232 1733 5301 νομισθῆναι

150 5312 367 5377 μείζονα
420 5311 511 5363 τὸν
572 5311 721 5373 Υἰὸν,
752 5314 833 5365 ὅτι
876 5314 1037 5367 πάλιν
1069 5317 1410 5384 ἠσφαλίσατο
1444 5322 1595 5376 αὑτό.
1624 5325 1733 5378 Καὶ

145 5400 347 5465 δῖκαιος
400 5403 431 5454 ὁ
490 5403 673 5470 φόϐος.
710 5423 728 5454 ι
772 5404 911 5474 Πρὸς
944 5407 1054 5475 γὰρ
1090 5407 1289 5476 ἄνδρας
1316 5408 1423 5461 ἀπὸ
1463 5410 1732 5481 Ἑλλήνων

144 5493 539 5554 πιστεύσαντας
576 5492 836 5561 ἔγραεέεν,
877 5495 925 5546 οἳ
958 5496 1240 5561 δοξάζουσι
1288 5499 1379 5551 τὸν
1403 5501 1500 5551 Δία
1527 5505 1732 5557 ὲπανα·

146 5584 337 5636 στάντα
365 5585 444 5653 τῷ
467 5584 651 5654 οἰκείῳ
680 5586 875 5655 Πατρὶ,
899 5588 1099 5651 ἐξῶσαι
1128 5590 1291 5641 αὐτὸν
1313 5591 1407 5659 τῆς
1427 5592 1724 5660 βασιλείας.

144 5676 260 5737 Δέος
294 5676 390 5728 οὖν
425 5670 513 5746 ἦν,
544 5677 617 5743 μή
646 5693 695 5727 τι
730 5678 967 5729 τοιοῖτον
992 5680 1120 5749 παρ’
1152 5682 1282 5749 ἡμῖν
1314 5682 1722 5737 ὑποπτεύσωσι.

252 5860 295 5888 δ’
322 5856 457 5911 Luc.
506 5874 542 5917 ι,
576 5858 667 5911 35.
779 5859 825 5889 ‘°
880 5858 1070 5911 Matth.
1136 5876 1323 5925 XXVIII,
1357 5862 1445 5917 20.

453 5951 721 6010 Panum.
769 5952 887 6010 Gn.
930 5957 1085 6016 CXV
1101 5956 1206 6017 ΙΙΙ.

1547 5865 1589 5896 ⁸¹
1616 5864 1761 5920 Psal.
1790 5880 1902 5933 cu,
1936 5866 1992 5920 2.

1847 4683 1911 4721 ac
1938 4679 2241 4737 potestates
2302 4674 2529 4736 aboleri,
2564 4686 2618 4729 et
2652 4678 2835 4732 omnia
2904 4680 3009 4733 sub
3068 4682 3234 4749 pedes
3276 4686 3422 4752 poni,

1846 4760 2028 4814 timuit
2083 4779 2152 4816 ne
2202 4761 2377 4819 Filius
2434 4764 2597 4821 Patre
2659 4770 2839 4838 major
2883 4783 3287 4840 repntaretur:
3352 4778 3424 4830 ita

1847 4853 2108 4921 deinceps
2146 4859 2329 4911 omnia
2360 4859 2426 4912 ad
2463 4860 2674 4914 Patrem
2708 4864 2941 4927 reducit,
2971 4866 3163 4921 dicens
3192 4888 3204 4920 :
3247 4888 3265 4918 ι
3297 4868 3425 4922 Om-

1841 4947 1930 5000 nia
1968 4948 2205 5018 subjecit
2235 4952 2342 5006 sub
2371 4954 2534 5020 pedes
2570 4954 2740 5020 illius,
2777 4975 2795 5007 ι
2827 4960 3128 5013 ostendens
3162 4963 3288 5015 inde
3325 4979 3421 5030 po-

1841 5042 2067 5094 tentiam
2100 5045 2292 5099 adesse
2327 5043 2485 5107 Filio,
2531 5061 2727 5116 nempe
2755 5063 2784 5101 a
2818 5059 3159 5119 sempiterno
3212 5055 3419 5121 princi-

1844 5134 1954 5202 pio.
1999 5153 2017 5185 ι
2078 5136 2239 5205 Atqui
2282 5154 2405 5189 cum
2462 5137 2635 5200 dicat,
2670 5159 2688 5191 ι
2722 5150 2849 5209 puta
2890 5142 3085 5198 David.
3111 5144 3259 5196 Nam
3287 5144 3419 5196 dicit

1839 5226 1932 5279 ille
1978 5228 2123 5296 quod
2161 5230 2343 5283 onmia
2377 5230 2619 5299 subjecit
2655 5231 2818 5287 Pater
2866 5236 2969 5288 sub
2995 5235 3159 5302 pedes
3218 5236 3415 5304 ipsius,

1838 5334 1970 5373 oves
2010 5330 2064 5373 et.
2096 5320 2263 5375 boves
2300 5322 2587 5377 universas
2620 5340 2633 5375 :
2665 5342 2691 5376 τι
2719 5341 2829 5393 quo
2858 5328 3021 5377 etiam
3056 5328 3227 5379 sumit
3259 5328 3415 5381 testi-

1837 5411 2106 5463 monium.
2157 5410 2461 5465 Considera
2543 5429 2673 5468 vero
2719 5416 2995 5484 quomodo
3062 5420 3413 5472 manifestum

1832 5501 1905 5554 sit
1936 5502 2114 5569 ipsum
2142 5502 2194 5553 id
2223 5501 2482 5558 habuisse
2524 5504 2765 5570 timoris,
2802 5522 2868 5559 ne
2896 5505 3069 5559 Filius
3105 5506 3262 5561 Patre
3295 5522 3415 5560 ma-

1826 5592 1916 5660 jor
1940 5604 2247 5663 putaretur,
2283 5598 2541 5663 qu0uiam
2582 5613 2800 5651 rursum
2861 5599 2999 5652 idem
3032 5600 3317 5653 stabilivit.
3348 5599 3412 5653 Et

1826 5680 2013 5750 justus
2067 5698 2198 5737 sane
2232 5686 2398 5739 timor
2426 5694 2563 5740 erat.
2606 5688 2887 5756 Siquidem
2936 5691 3074 5745 viris
3129 5691 3411 5746 scribebat

2087 5867 2131 5897 "
2166 5866 2356 5921 Matth.
2402 5884 2439 5932 ι,
2476 5866 2566 5924 25.

2898 5956 2974 6024 28
