4204 6464
737 406 853 468 σεῖὒ

1803 400 2203 464 (ECUMENII
2228 400 2523 462 TRICCIE
2551 400 2892 463 EPISCOPI

3906 408 4013 471 876

742 518 835 587 qui
868 532 933 573 ex
960 514 1167 573 Graecis
1214 514 1558 571 credideram
1603 534 1615 571 :
1654 520 1749 587 qui
1793 515 1977 571 Jovem
2015 514 2315 585 opinantur

2429 533 2445 567 ι
2487 514 2620 568 Τότε
2658 516 2754 569 καὶ
2793 516 2951 580 αὑτὸς
2985 518 3011 570 ὁ
3060 518 3187 582 Υἱὸς
3228 517 3637 589 ὑποταγήσεται
3675 518 3753 589 τῷ
3807 519 4015 574 ὑποτεί⁹

746 610 803 663 in
837 610 1115 679 proprium
1148 615 1353 677 patrem
1401 612 1795 669 resurrexisse.
1860 622 2096 677 eumque
2145 622 2315 678 regno
2358 670 2361 673 λ

747 702 1041 771 expulisse.
1092 696 1330 755 Necesse
1374 715 1506 771 ergo
1540 702 1659 756 luit
1715 718 1781 754 ne
1826 700 1959 768 quid
1995 697 2315 769 liujusmodi

749 791 948 845 factum
1005 791 1144 859 apud
1196 806 1297 845 nos
1355 792 1797 861 suSpicarentur.
1830 808 1847 840 ι
1890 788 2047 843 Tunc
2104 799 2156 842 et
2201 789 2317 855 ipse

750 883 919 935 Filius
952 880 1279 950 subjiciatur
1306 880 1353 934 ei
1379 881 1472 950 qui
1505 879 1742 950 subjecit
1781 880 1882 949 ipsi
1920 877 2161 930 Omnia.»
2202 874 2319 929 lloc

743 981 848 1035 est,
885 982 1016 1025 tunc
1043 987 1170 1027 vere
1211 987 1276 1027 ac
1318 973 1504 1026 divino
1562 972 1731 1025 tnodo
1754 971 2036 1038 subjectus
2069 966 2317 1021 ostendi-

746 1074 853 1132 tur,
884 1065 1010 1135 quia
1037 1073 1316 1134 paternam
1354 1066 1647 1136 complevit
1667 1064 2026 1125 voluntatem,
2052 1061 2318 1123 exhibens

743 1172 970 1227 regnum
1042 1158 1108 1211 ab
1152 1157 1301 1211 omni
1355 1158 1623 1211 seditione
1688 1170 1752 1209 ac
1792 1154 2087 1227 tyrannide
2116 1154 2319 1209 libera-

748 1259 882 1302 tum.
942 1280 1009 1289 —
1051 1247 1172 1303 Alio
1206 1249 1381 1301 modo.
1438 1247 1642 1302 Deinde
1680 1264 1748 1302 ne
1798 1248 1924 1317 quis
1968 1248 2115 1301 dicat
2145 1245 2315 1312 quod,

746 1342 874 1395 licet
916 1342 1196 1410 subjectus
1234 1356 1342 1394 non
1392 1341 1464 1394 sit
1520 1340 1704 1403 Pater,
1747 1340 1888 1393 nihil
1928 1347 2070 1392 vetat
2120 1337 2317 1391 Filium

742 1447 867 1487 esse
899 1432 1186 1500 majorem,
1218 1432 1370 1485 addit
1429 1432 1562 1494 haec,
1618 1431 2033 1485 unanimitatem
2080 1444 2144 1484 ac
2183 1445 2318 1484 con-

743 1524 987 1577 cordiam
1030 1522 1350 1586 ostendens,
1376 1534 1429 1575 et
1456 1521 1599 1591 quod
1649 1520 1809 1575 Pater
1834 1521 1989 1589 origo
2021 1528 2075 1575 et
2107 1520 2320 1591 princi-

744 1613 893 1682 pium
929 1614 997 1666 sit
1022 1614 1309 1677 bonorum,
1338 1615 1430 1681 qui
1461 1612 1659 1666 Filium
1685 1623 1793 1664 tam
1821 1621 2091 1679 potentem
2114 1627 2321 1681 genue-

750 1711 839 1765 rit.
867 1704 1309 1773 Audierisautem
1334 1707 1750 1775 subjectionem,
1776 1705 1962 1760 divino
1987 1706 2150 1760 modo
2170 1708 2319 1762 acci-

749 1802 822 1869 pit
861 1801 1003 1869 quod
1039 1801 1242 1855 dictum
1270 1809 1374 1864 est,
1430 1815 1538 1853 non
1570 1800 1885 1854 servitutem
1939 1800 2174 1869 aliquam
2225 1807 2320 1854 aut

2424 604 2577 669 ξαντι
2639 608 2790 677 αὑτῷ
2828 610 2895 662 τὰ
2933 609 3129 664 πάντα.
3174 612 3511 675 ι.Τουτέστι,
3564 613 3687 665 τότε
3736 613 4018 666 δείκνυται

2421 694 2638 764 ἀληθῶς
2663 698 2758 751 καὶ
2782 698 3101 768 θεοπρεπῶς
3133 702 3592 770 ὑποτεταγμένος,
3618 703 3699 756 ὅτι
3720 703 4017 773 ἐπλήρωσε

2422 787 2483 839 τὸ
2538 790 2804 860 πατρικὸν
2846 789 3125 860 βούλημα.
3170 794 3530 863 παραστήσας
3567 795 3665 863 τὴν
3712 794 3996 863 βασιλείαν

2426 878 2611 949 πάσης
2668 881 2909 943 στάσεως
2991 882 3086 934 καὶ
3165 884 3484 952 τυραννίδος
3528 883 4020 953 ήλεὺθερωειένην.

2428 1000 2497 1012 -—
2532 975 2783 1040 Ἄλλως.
2814 972 3013 1046 [ΦΩΤ.]
3050 971 3180 1027 Εἶτα
3213 975 3297 1028 ἵνα
3329 978 3402 1046 μή
3446 996 3528 1039 τις
3551 977 3704 1050 λέγῃ,
3729 978 3813 1029 ὅτι
3853 981 3901 1030 εἰ
3926 976 4023 1029 καὶ

2431 1065 2508 1136 μὴ
2540 1068 2907 1121 ὑποτέτακται
2933 1070 2960 1122 ὁ
2982 1071 3201 1142 Πατὴρ,
3237 1070 3389 1123 οὐδὲν
3415 1070 3610 1123 κωλύει
3630 1067 3767 1123 εἶναι
3792 1070 4024 1140 μείζονα

2424 1162 2517 1211 τὸν
2555 1160 2707 1225 Υἱὸν,
2742 1163 3067 1233 προστίθησι
3129 1164 3323 1225 ταῦτα,
3356 1164 3609 1233 ὁμόνοιαν
3642 1164 3881 1227 δεικνὺς,
3927 1164 4024 1215 καὶ

2422 1252 2506 1305 ὅτι
2562 1256 2590 1307 ὁ
2642 1256 2834 1325 Πατὴρ
2888 1256 3030 1326 ἀρχὴ
3102 1258 3195 1308 καὶ
3248 1256 3396 1308 αἰτία
3432 1257 3539 1307 τῶν
3580 1254 3819 1321 ἀγαθῶν,
3850 1254 3907 1306 ὂ;
3934 1255 4024 1304 τὸν

2422 1346 2661 1398 τοσαῦτα
2721 1346 3020 1415 δυνάμενον
3050 1346 3179 1399 Υἱὸν
3226 1346 3574 1415 γεγένμηηκεν.
3614 1346 3929 1412 Ύποταγὴν
3964 1342 4023 1396 ἃ

2427 1438 2666 1499 ἀκούων,
2730 1438 3047 1505 θεοπρεπῶς
3097 1438 3294 1492 ἕκλαϐε
3348 1438 3407 1491 τὸ
3450 1438 3762 1509 εἰρημένον,
3794 1439 3871 1506 μὴ
3898 1438 4023 1489 δου-

2424 1527 2573 1580 λείαν
2603 1527 2723 1580 τινὰ
2754 1529 2848 1580 καὶ
2903 1528 3182 1595 ὑποταγὴν
3215 1526 3490 1589 ἀκούσιον,
3539 1526 3676 1589 ἀλλ’,
3722 1524 3797 1586 ὡς
3838 1539 4012 1591 προτ-

2432 1617 2595 1685 ἦκον,
2634 1618 2762 1670 Υἱὸν
2797 1617 2931 1670 Θεὸν
2956 1621 3131 1689 Πατρὶ
3162 1618 3281 1687 Θεῷ
3305 1617 3689 1686 ὑποτετάχθαι,
3722 1618 3795 1687 ὡς
3830 1617 4012 1667 αἰτίαν

2422 1710 2691 1779 τιμῶντα,
2723 1710 2933 1776 ἔπειτα,
2971 1710 3054 1763 ἵνα
3087 1714 3151 1781 τῇ
3179 1711 3469 1781 περιουσίᾳ
3493 1710 3589 1778 τῆς
3632 1709 3851 1772 λέξεως,
3877 1704 4018 1768 οἷον,

2433 1820 2451 1853 ι
2494 1802 2604 1870 Τῆς
2630 1801 2934 1869 ὑποταγῆς,
2965 1820 2982 1852 ι
3011 1803 3080 1854 τὰ
3103 1801 3533 1870 ἀσεϐῆδόγματα
3566 1802 3750 1852 ἐκεῖνα
3782 1798 4018 1870 ὲκὶαίῃ,

748 1892 1142 1960 subiectionem
1168 1892 1620 1951 involunlariain,
1652 1890 1813 1961 567
1841 1890 1963 1955 sed,
1986 1893 2131 1945 sicut
2151 1892 2324 1956 decet,

2434 1891 2502 1942 τὰ
2529 1892 2619 1943 τὸν
2648 1890 2775 1942 Υἱὸν
2811 1891 3032 1959 μείζονα
3057 1889 3488 1962 παρατιθέμενα.

744 1984 943 2037 Filium
978 1984 1143 2037 Deum
1171 1982 1319 2035 Patri
1353 1981 1467 2066 'Deo
1505 1981 1812 2047 subjectum
1879 1999 2020 2047 esse,
2101 1992 2358 2052 tanquam
2386 1984 2742 2037 lionorautem
2766 1984 3090 2053 principium
3120 1999 3133 2034 :
3170 1981 3368 2035 deinde
3411 1992 3469 2034 ut
3491 1995 3717 2035 accessu
3754 1979 4020 2033 dictionis

753 2098 769 2128 ι
807 2077 1107 2144 Subjectio.
1152 2093 1168 2126 ι
1238 2073 1608 2144 intelligantur
1667 2075 1829 2145 impia
1889 2091 2013 2130 esse
2080 2077 2337 2145 dogmata
2373 2092 2492 2146 quae
2530 2075 2729 2129 Filium
2758 2075 3018 2145 majorem
3056 2091 3180 2131 esse
3233 2083 3569 2144 proponunt.

823 2189 839 2220 ι
888 2168 955 2223 Ut
1000 2169 1069 2221 sit
1122 2168 1261 2221 Deus
1302 2170 1487 2222 omnia
1543 2169 1594 2220 in
1636 2168 1914 2224 omnibus.
1976 2188 1993 2221 ι
2055 2168 2321 2223 Malorum

748 2260 1174 2314 exstinctionem
1215 2274 1311 2327 per
1369 2259 1482 2312 haec
1514 2258 1788 2328 designat.
1820 2258 1957 2312 Nam
1998 2261 2088 2313 ubi
2127 2276 2323 2330 pecca-

749 2364 865 2405 tum
923 2352 1160 2406 deletum
1226 2351 1411 2414 fuerit,
1471 2351 1694 2421 planum
1745 2352 2004 2422 estquod
2060 2363 2190 2407 tunc
2220 2354 2325 2407 erit

751 2446 893 2499 lteus
926 2444 1108 2498 omnia
1140 2446 1191 2496 in
1225 2444 1508 2507 omnibus,
1535 2458 1661 2496 cum
1696 2460 1803 2497 non
1849 2445 2087 2513 amplius
2113 2445 2327 2500 divide-

750 2553 893 2600 mur,
948 2545 1159 2605 parteni
1200 2535 1311 2589 Deo
1372 2536 1700 2598 tribuentes,
1758 2546 1966 2605 partem
2017 2538 2325 2593 azTectibus.

750 2630 854 2682 Alii
892 2644 1019 2683 vero
1044 2629 1487 2698 ita-interpretati
1514 2640 1661 2681 sunt.
1695 2628 1962 2682 ιῖςτυιηιιη
1988 2638 2095 2695 cst,
2126 2631 2328 2699 inquit,

752 2732 811 2777 ut
845 2724 1030 2778 omnia
1062 2725 1126 2778 ad
1160 2723 1375 2778 Patrem
1398 2723 1732 2779 reducantur
1802 2738 2040 2793 anquam
2076 2725 2141 2779 ad
2174 2726 2313 2794 prin~

750 2815 981 2884 cipium,
1050 2831 1117 2869 ne
1166 2815 1307 2872 duos
1344 2815 1853 2885 principattsinter
1890 2831 1949 2870 se
1993 2816 2330 2871 dissidentes

752 2906 1078 2976 suspiceris.
1113 2907 1247 2962 Nam
1283 2908 1505 2975 quando
1556 2908 1759 2961 L-ninzict
1789 2910 1893 2962 sub
1942 2907 2173 2976 pedibus
2203 2907 2326 2961 Filii

749 3002 1023 3056 substrati
1052 3001 1261 3070 jaccnt,
1290 3000 1460 3054 Filius
1491 3017 1617 3055 vero
1657 3022 1665 3047 ι
1716 3030 1723 3042 ι
1754 3024 1758 3029 -
1798 3004 1879 3055 dis
1920 3000 2031 3055 idet
2060 3002 2331 3057 adversus

753 3093 995 3156 Patrem,
1033 3094 1128 3146 sed
1165 3094 1310 3147 sicut
1340 3093 1544 3147 decens
1589 3110 1611 3142 ιτ
1634 3102 1673 3145 ,ι
1702 3091 1839 3146 Filio
1873 3093 1983 3147 Deo
2043 3092 2329 3162 subjectus

753 3194 837 3240 est
867 3185 1090 3255 praprio
1111 3189 1286 3254 patri,
1316 3186 1502 3253 utiqre
1534 3183 1696 3239 Pater
1722 3195 1805 3239 cst
1838 3185 2022 3239 omnia
2055 3186 2108 3237 in
2149 3184 2325 3237 omni-

755 3276 879 3330 bus.
898 3276 1215 3344 —Propria
1241 3275 1384 3327 enim
1428 3273 1584 3328 ducit
1615 3290 1735 3343 qua:
1762 3273 1880 3327 Filii
1904 3287 2031 3329 sunt
2067 3285 2327 3342 tanquam

2512 2190 2529 2223 ι
2574 2172 2687 2224 Ἵνα
2791 2174 2818 2223 ὁ
2852 2171 2983 2232 Θεὸς
3010 2172 3076 2223 τὰ
3108 2171 3283 2223 πάντα
3310 2172 3367 2243 εν
3398 2170 3583 2223 πᾶσιν.
3623 2186 3641 2219 t
3672 2168 3781 2235 Τῆς
3817 2168 4020 2229 κακῐες

2432 2261 2589 2331 δηὶοῖ
2626 2241 2947 2315 διὰ-τούτων
2982 2262 3081 2333 τὴν
3097 2241 3402 2331 ἀναίρεσιν.
3437 2261 3608 2314 Ὅταν
3638 2263 3746 2330 γὰρ
3775 2262 3807 2329 ἡ
3836 2262 4021 2329 ἀμαρ-

2432 2356 2523 2407 τία
2552 2354 2838 2424 ἀναιρεθῇ,
2882 2352 3104 2422 εὑδηλον
3134 2354 3216 2405 ὅτι
3245 2355 3272 2404 ὁ
3299 2352 3429 2416 Θεὸς
3455 2354 3610 2405 ἔσται
3636 2354 3704 2403 τὰ
3733 2354 3917 2404 πάντα
3961 2355 4017 2401 ἐν

2436 2448 2595 2508 πᾶσι,
2629 2448 2827 2515 μηκέτι
2861 2446 3020 2515 ήμῶν
3050 2444 3522 2515 ὲπιμεριζομένων
3552 2443 3673 2513 θεῷ
3718 2446 3813 2497 καὶ
3842 2443 4020 2497 πάθεα

2438 2553 2542 2591 σιν.
2567 2537 2753 2589 ’Δλλοι
2781 2537 2837 2589 δὲ
2869 2536 3045 2600 οὕτως
3076 2538 3448 2607 ἡρμήνευσαν·
3491 2536 3712 2597 Mella,
3747 2552 3902 2605 φησι,
3948 2538 4019 2588 τὰ

2436 2627 2613 2681 πάντα
2657 2630 2737 2690 εἰς
2793 2630 2884 2679 τὸν
2917 2628 3144 2698 Πατέρα
3178 2628 3475 2697 ἠρτῆσθαι,
3504 2627 3580 2689 ὡς
3613 2628 3811 2680 αἰτίαν.
3843 2628 4019 2680 Τοῦτο

2433 2718 2490 2771 δέ
2523 2736 2709 2789 φησιν,
2740 2719 2827 2772 ἵνα
2843 2719 2918 2789 μὴ
2940 2719 3034 2772 δύο
3053 2721 3227 2789 ἀρχὰς
3242 2720 3648 2789 ἁπεσχισμὲνας
3682 2724 4014 2792 ὑπονοήσῃς.

2437 2811 2609 2865 Ὅταν
2653 2812 2763 2882 γὰρ
2814 2814 2863 2864 oi
2916 2813 3012 2881 μὲν
3042 2812 3228 2881 ἐχθροὶ
3262 2812 3365 2863 ὑπὸ
3406 2814 3532 2875 τοὺς
3584 2813 3752 2874 πόδας
3801 2816 4018 2866 κεῖνται

2426 2903 2521 2957 τοῦ
2550 2903 2704 2967 Υἱοῦ,
2738 2905 2764 2955 ὀ
2787 2903 2843 2955 δὲ
2877 2904 3001 2967 Υἱὸς
3035 2905 3109 2975 μὴ
3160 2904 3430 2974 crastng
3472 2905 3607 2975 πρὸς
3641 2907 3728 2958 τὸν
3766 2905 4016 2973 Πλτέρα,

2426 2996 2565 3049 ἀλλὰ
2626 2996 2809 3058 καθὼς
2844 2997 3053 3065 πρέπον
3093 2996 3205 3063 Υιῴ
3239 2997 3381 3064 Θεῷ,
3410 2997 3777 3049 ὑποτέτακται
3810 2997 3891 3067 τῷ
3932 3000 4019 3049 οἱ-

2428 3087 2561 3156 κείῳ
2602 3090 2803 3160 Πατρῖ,
2834 3091 2862 3142 ὸ
2892 3090 3082 3160 Πατήρ
3114 3092 3230 3143 ἐστι
3262 3090 3331 3143 τὰ
3360 3092 3538 3144 πάντα
3579 3094 3637 3143 ὲν
3668 3092 3854 3143 πᾶσιν.
3889 3089 4019 3162 [Ol-

2428 3178 2890 3251 KOYMENIOYJ
2922 3210 2991 3221 --
3017 3182 3438 3236 Οἰκειοποιεῖται
3482 3185 3591 3253 γὰρ
3622 3184 3686 3237 τὰ
3728 3184 3822 3236 τοῦ
3860 3185 4015 3250 Υἱοῦ,

2429 3268 2503 3331 ὼς
2535 3270 2745 3340 Πατήρ.
2779 3272 2887 3324 Καὶ
2918 3274 3027 3324 πᾶν
3085 3274 3223 3344 ὅπερ
3250 3274 3473 3328 δύναται
3502 3278 3529 3327 ὁ
3560 3276 3709 3339 Υἱὸς.
3747 3276 3909 3330 τοῦτο
3932 3282 4017 3341 si;

758 3366 938 3430 Pater,
972 3375 1023 3420 ct
1052 3365 1314 3436 quidquid
1349 3373 1526 3435 potest
1555 3365 1747 3428 Filius,
1784 3366 1851 3419 ad
1884 3365 2100 3419 Patrem
2137 3365 2325 3419 refert.

2434 3360 2525 3410 τὸν
2573 3360 2793 3431 Πατέρα
2840 3362 3124 3430 ἀνάγεται.
3173 3366 3345 3429 Δὺτὸς
3384 3367 3493 3436 γὰρ
3540 3368 3688 3439 αὑτῷ
3719 3371 3893 3432 αἴτιος
3917 3370 4016 3423 τοῦ

757 3458 891 3513 Nam
918 3460 1006 3514 hic
1033 3462 1135 3529 ipsi
1164 3460 1492 3528 prim-ipium
1523 3469 1606 3513 est
1644 3468 1700 3511 ut
1730 3458 1904 3529 possit
1939 3459 2031 3527 qui
2059 3475 2181 3511 eum
2208 3459 2328 3512 sine

754 3562 996 3623 tempore
1011 3568 1237 3620 generm
1258 3554 1448 3605 ηιμ-δί
1467 3551 1652 3604 divino
1670 3552 1829 3605 modo
1848 3548 2020 3604 Filius
2036 3548 2181 3603 Patri
2200 3551 2329 3605 sub-

748 3645 995 3713 jicietur,
1012 3645 1079 3697 ab
1108 3647 1262 3697 initio
1279 3642 1562 3713 subjectus
1580 3651 1681 3705 est,
1705 3658 1772 3696 ex
1790 3658 1855 3696 eo
1877 3651 2124 3711 tempore
2146 3656 2255 3710 quo
2275 3651 2325 3694 et

757 3735 898 3789 Deus
924 3745 1042 3787 erat
1075 3751 1088 3787 :
1120 3734 1263 3803 quod
1308 3734 1353 3789 si
1392 3748 1498 3787 non
1538 3733 1821 3802 subjectus
1850 3742 1951 3797 est,
1978 3732 2323 3802 subjicietur.

757 3826 997 3880 liniuano
1047 3826 1207 3879 modo
1240 3826 1292 3879 id
1326 3826 1418 3881 llet
1474 3841 1573 3895 pro
1619 3826 1795 3890 nobis,
1861 3832 1917 3881 et
1974 3840 2081 3879 non
2142 3824 2327 3880 divino

752 3919 915 3974 modo
950 3934 1049 3989 pro
1088 3919 1294 3989 seipso.

826 4010 939 4072 XV,
969 4012 1162 4066 ‘29-'55.
1204 4010 1414 4082 Alioqui
1442 4010 1567 4082 quid
1620 4010 1818 4079 facient
1847 4011 1901 4063 hi
1930 4012 2016 4081 qui
2043 4010 2327 4079 baptizan-

753 4115 839 4157 tur
878 4121 973 4173 pro
1003 4108 1246 4163 mortuis,
1288 4106 1335 4156 si
1395 4104 1607 4155 omnino
1648 4104 1845 4157 mortui
1876 4120 1978 4157 non
2008 4102 2328 4171 resurgunt?

752 4197 862 4251 Cur
889 4197 1046 4249 etiam
1115 4196 1457 4263 baptisantur
1494 4211 1590 4262 pro
1636 4196 1901 4247 mortuis?
1947 4196 2088 4261 Quid
2134 4205 2183 4248 et
2231 4211 2325 4248 nos

750 4289 1121 4355 periclitamur
1162 4290 1304 4341 omni
1325 4288 1512 4341 hora?
1547 4285 1611 4340 In
1661 4288 1772 4341 dies
1826 4289 2068 4343 morior:
2098 4304 2191 4356 per
2240 4306 2326 4343 re-

752 4392 920 4431 stram
951 4380 1316 4448 gloriatiouem
1345 4396 1503 4449 quant
1526 4380 1688 4433 habeo
1724 4380 1776 4431 in
1804 4378 2019 4434 Christo
2049 4378 2179 4432 Iesu
2220 4380 2327 4433 Do-

754 4473 896 4525 mino
925 4480 1102 4523 nostra
1151 4470 1212 4525 Si
1243 4471 1528 4524 secundum
1559 4472 1823 4523 hominem
1860 4488 1976 4524 cum
1999 4472 2126 4540 feris
2158 4472 2324 4535 depu-

752 4563 905 4632 gnavi
937 4562 1147 4630 Ephesi,
1170 4579 1286 4631 qua:
1305 4564 1433 4615 mihi
1457 4564 1684 4625 utilitas,
1716 4564 1761 4616 si
1789 4565 1985 4616 mortui
2008 4579 2109 4615 non
2143 4579 2323 4616 resur—

2432 3448 2717 3516 δύνασθαι,
2770 3453 2799 3505 ὁ
2841 3457 3111 3526 γεννήσας
3139 3458 3302 3510 αὑτὸν
3332 3460 3597 3529 ἀχρένως.
3630 3488 3697 3499 -
3732 3461 4011 3535 [ΒΑΣΙΛ.]

2432 3542 2495 3594 Ei
2527 3542 2725 3606 θεῖκῶς
2757 3547 2785 3597 ὁ
2818 3546 2941 3610 Υἱὸς
2972 3548 3049 3618 τῷ
3090 3550 3265 3621 Πατρὶ
3295 3553 3720 3619 ὑποταγήσεται,
3749 3555 3808 3619 ἐξ
3837 3559 4017 3625 ἀρχῆς

2433 3631 2790 3698 ὑπετέτακτο,
2836 3636 2893 3701 ἐξ
2947 3630 3008 3689 οὗ
3063 3642 3153 3691 καὶ
3199 3640 3330 3704 Θεὸς
3362 3637 3463 3711 ἦν.
3497 3642 3558 3695 Ei
3602 3644 3657 3696 δὲ
3686 3648 3781 3713 οὑχ
3814 3649 4016 3699 ὑπετέ-

2430 3741 2616 3788 τακτο,
2655 3725 2767 3778 ἀλλ’
2787 3725 3012 3796 ὕστερον
3029 3730 3453 3804 ὑποταγήσεται,
3485 3735 3838 3806 ἀνθρωπίνως
3871 3740 4015 3809 ὑπὲρ

2433 3818 2611 3885 ἡμῶν,
2638 3820 2731 3870 καὶ
2757 3819 2819 3870 οὑ
2857 3819 3054 3885 θεῖκῶς
3086 3824 3227 3895 ὑπὲρ
3258 3824 3477 3880 ἑαυτοῦ.

2514 4002 2677 4056 Ἐπεὶ
2736 4006 2795 4060 τί
2849 4006 3219 4073 ποιήσουσιν
3270 4014 3322 4063 ol
3374 4010 3796 4081 βαπτιζόμενοι
3857 4015 4014 4081 ὑπὲρ

2429 4093 2549 4147 τῶν
2587 4095 2833 4163 νεκρῶν,
2864 4102 2915 4151 si
2946 4098 3098 4163 ὅλως
3150 4102 3350 4168 νεκροὶ
3397 4105 3507 4157 οὺιι
3546 4104 3917 4171 ἐγειξιόνταις
3950 4104 4015 4158 Τί

2430 4190 2527 4243 καὶ
2552 4188 2940 4253 βαπτίζονται
2961 4190 3113 4259 ὑπὲρ
3147 4191 3265 4245 τῶν
3300 4193 3529 4261 νεκρῶν
3549 4212 3567 4259 ,'
3602 4197 3661 4248 Τί
3689 4199 3783 4248 καὶ
3838 4197 4015 4261 ἡμεῖς

2429 4281 2863 4350 κινδυνεύομεν
2888 4282 3096 4339 πᾶσαν
3117 4283 3277 4352 ὥραν
3292 4303 3312 4350 ;
3342 4287 3480 4340 Καθ’
3504 4287 3637 4355 ripe}
3654 4304 3731 4339 αν
3743 4289 4013 4355 ἀποθνή-

2429 4391 2575 4427 σκω.
2623 4374 2711 4442 Νὴ
2764 4375 2880 4443 τὴν
2933 4379 3226 4445 ὑμετέραν
3277 4381 3580 4448 καύχησιν
3645 4379 3725 4447 ἣν
3776 4381 3894 4447 ἔχω
3943 4382 4016 4433 ἐν

2428 4465 2660 4533 Χριστῷ
2708 4468 2910 4534 Ἰησοῦ
2943 4467 3020 4532 τῷ
3046 4471 3241 4537 Κυρίῳ
3266 4470 3452 4537 ἡμῶν.
3494 4474 3561 4525 Ei
3589 4476 3740 4526 κατὰ
3784 4474 4014 4541 drepa-

2430 4575 2547 4611 πον
2560 4558 3008 4627 ἐθηριομάχησα
3037 4560 3107 4611 ἐν
3140 4559 3390 4629 Ἐφέσῳ,
3416 4562 3471 4612 τί
3486 4578 3586 4629 μοι
3634 4562 3700 4615 τὸ
3757 4562 4010 4630 ὄφελος,

753 4664 879 4723 guut
906 4658 929 4709 ?
964 4653 1199 4708 [ﬁdamus
1238 4664 1287 4707 et
1322 4654 1587 4718 bibamus,
1614 4671 1733 4708 cras
1759 4658 1898 4709 enim
1929 4657 2208 4709 morimur.
2242 4653 2323 4707 Νι

2429 4653 2481 4703 εὶ
2514 4650 2714 4719 νεκροὶ
2748 4653 2857 4704 οὐκ
2890 4651 3253 4719 ἐγείρονται;
3287 4653 3570 4723 Φάγωμεν
3605 4655 3701 4707 καὶ
3733 4658 3968 4723 πίωμεν
3994 4673 4009 4687 ⁸

754 4745 1085 4799 seducamiui
1125 4764 1142 4800 :
1180 4755 1528 4813 corrumpunt
1587 4762 1760 4800 mores
1826 4747 1989 4799 l'onos
2054 4745 2322 4799 consortia

752 4836 925 4891 mala.

828 4925 905 4977 Ad
935 4940 1242 4979 sermonem
1278 4925 1345 4980 de
1385 4925 1796 4981 resurrectione
1828 4924 1998 4989 redit,
2031 4938 2085 4981 et
2110 4927 2186 4980 ait
2218 4944 2232 4980 :
2268 4924 2325 4981 Si

756 5016 1091 5072 resurrectio
1138 5025 1376 5080 nonest,
1423 5018 1515 5086 qui
1574 5017 1926 5086 baptizantur
1959 5033 2059 5087 pro
2094 5020 2326 5073 mortuis

753 5110 887 5179 quid
949 5109 1185 5164 facient?
1216 5109 1330 5163 lloc
1371 5119 1456 5164 est
1500 5120 1761 5176 tanquam
1819 5124 1918 5180 pro
1959 5110 2157 5180 bisqui
2216 5128 2323 5165 non

758 5214 1076 5271 resurgunt.
1120 5200 1467 5255 Manifestum
1495 5202 1641 5255 enim
1679 5210 1765 5255 est
1802 5201 1950 5270 quod
1982 5201 2036 5255 in
2071 5217 2321 5257 resurre~

757 5295 995 5347 ctiouem
1056 5306 1402 5348 mortuorum
1452 5290 1741 5348 credentes
1775 5292 2140 5361 baptizamur,
2191 5308 2253 5347 ac
2283 5294 2330 5348 si

756 5384 966 5439 diceret
1001 5400 1016 5439 :
1049 5382 1187 5450 Quid
1215 5384 1414 5439 facient
1444 5384 1536 5454 qui
1571 5398 1669 5454 pro
1700 5384 1930 5439 mortuis
1954 5386 2174 5454 quidem
2211 5393 2333 5437 tan-

760 5492 922 5545 quam
974 5478 1389 5548 resurgentibus
1423 5489 1478 5535 et
1538 5478 1899 5534 crediderunt
1945 5486 1999 5535 et
2060 5478 2324 5546 baptizati

761 5577 913 5632 sunt,
954 5568 1074 5623 l'alsi
1111 5578 1293 5625 autem
1336 5584 1431 5640 spe
1485 5570 1634 5625 aliud
1670 5571 1952 5641 quidpiam
1997 5571 2327 5625 invenerunt

763 5667 960 5727 praeter
986 5673 1051 5713 ea
1076 5675 1195 5729 quae
1230 5660 1660 5730 exspectabant?
1706 5660 1870 5730 568
1898 5659 2200 5726 Quantum,
2235 5660 2322 5713 in-

762 5749 900 5817 quit,
935 5751 1196 5807 dolebunt
1228 5765 1291 5805 ac
1340 5752 1724 5821 deplorabant,
1762 5753 2031 5821 iidemque
2078 5753 2131 5804 in
2162 5749 2325 5803 Chri-

763 5847 909 5895 stum
976 5850 1236 5915 tanquam
1292 5843 1611 5901 mendacem
1693 5845 1957 5901 conviciis
2008 5844 2329 5900 lacessent?

2434 4743 2643 4810 αὔριον
2666 4742 2774 4811 γὰρ
2800 4744 3288 4812 ἀποθνήσκομεν.
3333 4746 3428 4812 Μὴ
3469 4744 3804 4801 πλανᾶσθε·
3847 4752 4011 4816 φθειυ

2426 4851 2649 4902 ⁴ρουσιν
2680 4835 2795 4904 ῆνΙη
2827 4838 3062 4904 χρηστὰ
3091 4822 3309 4905 duritia:
3342 4840 3541 4892 κακαί.

2509 4926 2675 4978 Πάλιν
2732 4928 2811 4989 si;
2862 4924 2952 4978 τὸν
2981 4926 3079 4995 τῆς
3122 4930 3475 4992 ἀναστάσεως
3505 4924 3634 5000 ἦλθε
3682 4931 3861 5000 λόγον,
3916 4936 4011 4987 καί

2437 5034 2635 5086 φησιν·
2693 5018 2753 5070 El
2799 5019 3096 5081 ἀνάστασις
3156 5020 3258 5073 οὑκ
3298 5021 3465 5086 ἔστιν,
3521 5024 3573 5075 oi
3620 5022 4012 5095 βαπτιζόμενοι

2428 5108 2571 5179 ὑπὲρ
2634 5108 2742 5161 τῶν
2810 5112 3058 5181 νεκρῶν,
3113 5113 3166 5165 τί
3217 5115 3544 5185 ποιήσουσι;
3602 5119 3884 5170 τουτέστιν
3935 5123 4012 5182 ὡς

2426 5200 2505 5271 ¹μὴ
2566 5201 2960 5271 ἀνισταμένων.
3004 5202 3235 5275 Εὑδῃλον
3292 5207 3401 5275 γὰρ
3435 5208 3518 5259 ὅτι
3570 5209 3649 5269 εἰς
3708 5209 4010 5263 ἀνάστασιν

2430 5294 2640 5361 νεκρῶν
2670 5293 3084 5358 πιστεύσαντες,
3123 5296 3524 5368 βαπτιζόμεθα,
3564 5300 3699 5351 ὡσεὶ
3717 5301 3876 5367 ἔλεγε
3898 5318 3911 5328 ’
3943 5303 4008 5354 Ti

2434 5386 2749 5455 ποιήσουσιν
2780 5388 2827 5439 oi
2857 5387 2996 5457 ὑπὲρ
3034 5389 3244 5458 νεκρῶν
3274 5391 3373 5459 μιν
3401 5392 3479 5454 ὡς
3502 5393 3881 5459 ἀνισταμένων
3914 5396 4010 5448 καὶ

2435 5478 2827 5541 πιστεύσαντες
2865 5478 2957 5531 καὶ
2990 5478 3399 5549 βαπτισθέντες,
3433 5481 3761 5550 ψευσθέντες
3804 5486 3863 5538 δὲ
3909 5487 4009 5555 τῆς

2436 5568 2671 5635 ἐλπίδος,
2702 5570 2794 5623 καὶ
2822 5570 2951 5624 ἄλλο
3005 5590 3056 5625 τι
3098 5573 3395 5644 εὑρηκότες
3428 5576 3580 5647 παρὰ
3606 5578 3673 5630 τὰ
3701 5580 4013 5649 προσδοκη-

2430 5657 2622 5718 θέντας
2661 5661 2828 5725 Πόσα,
2855 5664 3039 5733 φησὶν,
3069 5665 3467 5741 ἀδημονήσουσι
3502 5669 3595 5720 καὶ
3632 5670 4011 5724 ἀποκλαύσω-

2433 5770 2542 5813 ται,
2569 5754 2660 5805 καὶ
2686 5754 2785 5824 τὴν
2812 5755 2995 5808 πίστιν
3026 5761 3122 5825 τὴν
3152 5760 3231 5820 εις
3270 5760 3504 5829 Χριστὸν
3534 5761 3608 5821 ὠς
3636 5762 3811 5830 ψευδῆ
3838 5763 4012 5816 10.69-

2436 5846 2664 5915 ρήσουσι
2691 5863 2704 5911 ;
2742 5846 2916 5901 Τοῦτο
2943 5847 3113 5918 λέγει,
3144 5869 3161 5903 ι
3198 5851 3263 5903 Ti
3292 5854 3597 5924 ποιήσουσι;
3639 5872 3656 5905 ι
3688 5854 4009 5921 Τουτὲστιν,
