4204 6464
720 389 837 455 87-9

1783 372 2185 436 (ECUMENII
2216 367 2509 430 TRICC/E
2550 367 2886 429 EPISCOPI

3874 354 3985 417 880

731 501 1033 565 consortia,
1065 498 1461 563 corrumpunt;
1503 486 1773 558 siquidem
1832 484 2088 539 continua
2149 487 2301 551 gutta

2424 481 2499 534 tot".
2530 479 2673 532 κατὰ
2706 479 2900 549 μικρὸν
2929 474 3401 545 ὑποπίμπλασθαι.
3437 472 3508 527 Ἣ
3551 468 3761 543 χρηστὰ
3811 469 3986 537 εὐφή-

723 604 893 649 eavat
957 589 1211 659 lapidem.
1245 585 1308 637 Et
1358 590 1646 653 prepterea
1680 576 2011 631 adhortatur
2063 572 2210 641 ipsos
2243 579 2301 623 ut

724 690 972 743 devitent
1002 695 1290 752 pravorum
1336 672 1639 734 consortia,
1679 684 1778 723 nec
1812 668 1914 721 sibi
1955 666 2125 720 lidant
2157 664 2302 730 quod

2416 589 2528 642 μως
2565 571 2741 633 καλεῖ,
2764 570 2831 623 τὰ
2871 569 3271 639 εὐεξαπάτητα,
3291 566 3469 639 δηλῶν
3497 566 3577 618 ὅτι
3606 563 3756 618 ἄλλοι
3783 561 3987 621 αὐτοὺς

2415 664 2492 723 εἰς
2515 660 2689 714 ταῦτα
2718 660 3105 729 ὑποσύρουσιν.

726 800 851 833 ειιιιι
882 777 1006 831 boni
1036 773 1167 836 sint,
1201 768 1335 823 nihil
1369 766 1472 822 sibi
1505 768 1735 834 possunt
1792 771 2077 812 accersere
2143 751 2617 810 damni.continue
2650 750 2792 819 apud
2827 751 2949 803 illos
2985 744 3388 808 conversando,
3414 758 3538 798 cum
3600 741 3726 797 inde
3780 739 3987 795 sensim

730 894 793 927 .‘tt:
869 833 1162 938 paulatim—
1203 859 1441 931 pernicie
1501 833 1852 921 impleantur.
1917 851 2023 903 Aut
2077 845 2288 915 χρηστὰ
2330 841 2459 912 ἢθη,
2492 842 2544 896 id
2601 852 2705 908 est,
2766 841 3013 911 placidos
3077 855 3260 895 mores
3318 834 3678 893 collaudando
3728 833 3987 905 appellat,

729 966 821 1033 qui
872 937 1030 1016 facile
1095 956 1281 1014 seduci
1336 957 1594 1022 possunt,
1673 945 1989 1017 significans
2042 940 2189 1009 quod
2261 939 2353 992 alii
2384 939 2534 1009 ipsos
2565 939 2630 992 ad
2670 938 2781 991 hinc
2814 937 3121 991 retrahunt.

804 1050 1134 1118 XV,5$-58.
1196 1044 1373 1101 Sobrii
1403 1051 1588 1106 estote,
1644 1048 1694 1093 et
1729 1054 1793 1090 ne
1846 1033 2125 1104 peccetis:
2179 1046 2303 1083 nam

730 1147 1123 1221 ignorationem
1150 1140 1244 1194 Dei
1263 1136 1505 1192 nonnulli
1532 1132 1724 1186 habent
1756 1146 1773 1183 :
1807 1128 1874 1181 ad
1893 1126 2144 1195 pudorem
2163 1125 2305 1177 vobis

729 1249 934 1312 loquor.
967 1240 1032 1291 At
1069 1236 1202 1287 dicet
1236 1229 1430 1300 aliquis
1462 1243 1477 1280 :
1508 1223 1782 1292 Quomodo
1808 1222 2137 1274 suscitantur
2165 1232 2306 1269 mor-

729 1307 807 1384 tni
831 1332 853 1383 Ρ
880 1328 979 1383 Cui
1016 1336 1192 1381 autem
1226 1319 1435 1389 corpori
1466 1317 1677 1371 veniunt
1702 1316 1725 1370 ?
1754 1312 1928 1367 Stulte
1956 1319 2032 1372 tu,
2056 1307 2195 1379 quod
2225 1322 2307 1359 se-

729 1424 902 1475 minus
930 1435 1033 1472 non
1082 1414 1398 1483 viviﬁcatur,
1446 1409 1550 1464 nisi
1575 1416 1839 1458 mortuum
1883 1401 2067 1469 fuerit.
2104 1396 2171 1450 Et
2208 1396 2304 1448 hoc

727 1519 865 1585 quod
894 1511 1144 1567 seminus,
1172 1522 1272 1559 non
1292 1518 1478 1571 corpus
1510 1496 1646 1568 quod
1681 1504 1927 1550 nascetur
1944 1492 2195 1554 seminus,
2216 1488 2305 1542 sed

734 1580 930 1660 nudum
958 1615 1204 1672 granum,
1234 1604 1361 1664 puta
1397 1591 1561 1645 tritici
1603 1597 1694 1641 aut
1730 1586 1961 1652 alicujus
1991 1598 2018 1636 e
2052 1580 2257 1634 caeteris
2286 1593 2304 1630 :

731 1697 821 1751 sed
857 1668 993 1748 Deu's
1016 1692 1107 1742 dat
1137 1687 1218 1740 illi
1249 1698 1437 1752 corpus
1460 1689 1518 1734 ut
1547 1678 1733 1742 voluit,
1753 1686 1799 1729 et
1834 1674 2117 1741 unicuique
2146 1668 2298 1723 senti-

734 1807 802 1844 nu
812 1805 859 1840 m
895 1800 1049 1840 suum
1078 1796 1290 1849 ουτ-ραι.

808 1900 827 1932 ‹
874 1877 1057 1933 8οὺιῇ
1110 1881 1305 1929 estote.
1346 1890 1362 1921 ι
1413 1866 1699 1935 Tanquam
1747 1861 1812 1915 ad
1844 1857 2031 1913 ebrios
2084 1852 2306 1910 dicitur.

741 1993 756 2022 ι
799 1972 975 2035 Juste,
1017 1986 1035 2021 ι
1065 1981 1217 2027 vero,
1279 1963 1331 2017 id
1364 1972 1447 2017 est
1481 1960 1708 2013 utiliter.
1740 1952 2026 2021 Contingit
2084 1949 2227 2003 enim
2258 1952 2312 1999 et

738 2065 945 2134 injuste
978 2060 1223 2116 sobrium
1246 2070 1389 2117 esse,
1423 2063 1553 2121 puta
1586 2050 1651 2102 ad
1678 2047 1904 2100 malum.
1939 2062 1956 2094 ι
1993 2042 2058 2095 Et
2087 2055 2152 2093 ne
2181 2054 2310 2109 pec-

737 2159 895 2211 cetis.
945 2172 964 2206 ι
1010 2150 1148 2206 Nam
1187 2148 1319 2203 hinc
1355 2145 1523 2199 etiam
1568 2140 1820 2212 provenit
1862 2146 1920 2190 ut
1949 2131 2310 2188 resurrectio-

742 2261 862 2300 nem
927 2259 1036 2297 non
1070 2237 1331 2295 credatis.
1392 2232 1676 2302 Siquidem
1734 2228 1825 2298 qui
1877 2225 2145 2279 malorum
2210 2219 2313 2275 sibi

739 2334 949 2389 conscii
995 2338 1145 2392 sunt,
1206 2342 1315 2382 non
1352 2325 1588 2379 credunt
1642 2335 1766 2375 esse
1827 2315 2312 2373 resurrectionem,

737 2427 885 2498 quod
920 2426 1055 2480 tales
1087 2404 1210 2477 illos
1244 2419 1401 2488 sequi
1432 2422 1681 2486 oporteat
1706 2411 2102 2466 retributiones
2130 2405 2314 2475 qualia

739 2534 949 2578 suntea
971 2522 1023 2573 in
1056 2517 1255 2588 quibus
1277 2514 1650 2581 deliquerunt.
1676 2506 2000 2574 Propterea,
2030 2503 2228 2569 inquit,
2249 2515 2317 2554 ne

726 2611 1076 2683 .peccetis,ut
1110 2602 1573 2661 resurrectionem
1606 2598 1866 2652 credatis.
1913 2591 2313 2682 lpuorantiam,

740 2710 834 2768 ait,
856 2702 948 2757 Dei
980 2698 1236 2757 habentii
1263 2697 1357 2765 qui
1391 2709 1496 2748 non
1524 2690 1756 2745 credunt
1790 2685 2261 2741 resurrectionem
2300 2698 2314 2734 :

744 2808 855 2847 non
906 2791 1052 2845 enim
1106 2794 1452 2856 cognoscunt
1515 2782 1607 2835 Dei
1676 2782 1997 2849 potentiam.
2030 2774 2146 2829 Non
2184 2773 2320 2827 dixit

732 2895 949 2940 autem.
1009 2879 1254 2942 Habetis,
1312 2877 1430 2937 sed,
1464 2892 1482 2924 ι
1528 2870 1783 2926 Nonnulli
1846 2868 2069 2930 habent,
2127 2884 2145 2916 ι
2219 2863 2322 2916 hac

744 2976 988 3029 dictione
1021 2973 1222 3025 tollens
1239 2964 1674 3022 accusationem.
1715 2979 1733 3013 ι
1768 2959 1846 3014 Ad
1870 2958 2132 3029 pudorem
2163 2956 2321 3009 vobis

745 3075 960 3140 loquor.
1006 3085 1024 3117 ι
1069 3062 1339 3129 Quoniam
1385 3059 1441 3111 in
1482 3055 1673 3109 multis
1713 3052 1880 3122 570
1939 3065 2034 3105 eos
2064 3050 2324 3117 obiurga-

746 3139 919 3225 verat,
957 3157 1278 3212 consolatur
1307 3150 1478 3218 ipsos.
1512 3144 1591 3198 Ad
1614 3144 1898 3214 pudorem,
1937 3141 2131 3209 inquit,
2166 3139 2321 3194 vobis

742 3258 938 3323 loquor
969 3263 982 3307 :
1018 3263 1125 3303 non
1169 3246 1316 3313 quod
1352 3256 1448 3295 vos
1476 3238 1800 3307 despiciam,
1834 3236 1928 3288 sed
1972 3234 2115 3301 quod
2152 3231 2323 3300 pude-

748 3346 879 3401 facti
932 3338 1372 3397 incredulitatem
1416 3334 1484 3387 de
1552 3328 1959 3383 resurrectione
2026 3324 2321 3392 abjiciatis.

753 3458 771 3489 ι
808 3439 878 3492 At
908 3436 1051 3490 dicet
1099 3430 1323 3501 aliquis.
1358 3445 1376 3477 ι
1417 3425 1539 3480 Non
1574 3426 1679 3479 ait:
1726 3440 1744 3473 ι
1795 3419 1907 3475 Vos
1962 3419 2168 3480 dicitis,
2209 3437 2227 3468 ι
2266 3423 2325 3469 ιιι

752 3544 935 3585 sermo
960 3524 1165 3581 invidia
1206 3531 1413 3579 careat,
1440 3526 1700 3585 tanquam
1733 3514 1820 3567 alii
1867 3519 2053 3566 essent
2092 3510 2184 3578 qui
2216 3523 2322 3561 non

749 3620 1062 3675 crederent.
1104 3614 1307 3667 Deinde
1330 3628 1449 3681 qua:
1469 3608 1550 3662 eis
1573 3608 1742 3662 dubia
1781 3604 2129 3664 videbantur,
2164 3598 2323 3669 quasi

750 3716 894 3767 facta
923 3709 1236 3779 objectioue
1269 3705 1453 3759 soliit.
1512 3699 1845 3755 Dubitabaut
1884 3697 2031 3751 enim
2084 3708 2323 3762 quonam

752 3804 917 3859 modo
938 3799 1307 3857 suscitaretur
1333 3810 1556 3863 corpus,
1592 3789 1739 3861 quod
1769 3788 1937 3843 semel
1988 3786 2324 3840 dissolutum

744 3901 870 3950 erat
911 3905 926 3950 :
966 3901 1019 3947 et
1065 3888 1214 3959 quali
1270 3899 1503 3954 corpore
1553 3882 1944 3940 suscitaretur,
1999 3887 2181 3929 utrum
2224 3874 2327 3928 hoc

751 3985 968 4045 eodem,
1003 3996 1070 4035 an
1096 3980 1207 4035 alio
1268 3977 1531 4047 quodam.
1578 3975 1698 4027 llaec
1738 3973 1920 4039 itaque
1950 3968 2061 4023 duo
2090 3967 2172 4022 eis
2207 3966 2326 4020 dis-

752 4078 917 4132 solvit
948 4089 1041 4143 per
1071 4072 1378 4140 exemplum
1404 4068 1559 4138 grani
1597 4079 1610 4123 :
1655 4084 1673 4117 ι
1706 4064 1883 4118 Stulte
1908 4081 1925 4114 ι
1960 4066 2001 4115 Δ
2035 4058 2329 4115 manifesto

752 4169 1006 4236 exemplo
1063 4164 1263 4218 format
1296 4163 1624 4216 solutionem
1654 4172 1668 4215 :
1709 4158 1830 4212 ideo
1863 4170 2085 4225 quoque
2127 4154 2328 4207 stultos

755 4272 933 4324 vocat,
974 4267 1033 4312 ut
1055 4256 1150 4326 qui
1180 4256 1315 4308 adeo
1344 4252 1638 4305 manifesta
1673 4253 1949 4317 ignorent.
1986 4244 2089 4307 Tu,
2120 4243 2323 4311 inquit,

752 4353 902 4423 quod
927 4350 1190 4413 seminas,
1224 4347 1316 4415 qui
1347 4344 1727 4413 corruptibilis
1758 4356 1839 4405 es,
1876 4355 1984 4392 non
2018 4339 2330 4391 viviiieatur

2491 1031 2827 1098 Ἐκνήψατε
2860 1028 3100 1092 δικαίως
3115 1024 3211 1079 καὶ
3243 1024 3329 1093 μὴ
3356 1022 3745 1092 ἁμαρτάνετε.
3781 1019 3995 1089 Ἀγνω-

2409 1123 2557 1178 σίαν
2584 1123 2695 1191 γὰρ
2714 1120 2862 1175 Θεοῦ
2888 1136 3048 1184 τινες
3076 1118 3312 1186 ἔχουσι.
3338 1116 3492 1182 Πρὸς
3516 1113 3821 1181 ἐντροπὴν
3849 1112 3997 1181 ὑμῖν

2408 1218 2581 1284 λέγω.
2628 1216 2793 1268 Ἀλλ’
2839 1212 2961 1281 ἐρεῖ
3005 1230 3113 1277 τις,
3150 1198 3281 1275 Πῶς
3315 1210 3638 1277 ἐγείρονται
3664 1210 3716 1261 ol
3745 1218 3997 1273 rexpot;

2416 1308 2571 1373 ποίῳ
2611 1305 2679 1359 δὲ
2706 1304 2930 1373 σώματι
2951 1305 3261 1370 ἐρχονται;
3293 1302 3531 1368 Ἀφρον,
3562 1298 3643 1352 σὺ
3671 1298 3703 1352 ὃ
3723 1300 3998 1365 σπείρεις

2412 1401 2483 1452 οὐ
2508 1396 2885 1458 ζωοποιεῖται,
2926 1395 3034 1448 ἐὰν
3058 1394 3142 1461 μὴ
3174 1392 3469 1460 ἀποθάνῃ.
3497 1390 3601 1445 Kal
3632 1390 3664 1443 δ
3697 1392 3997 1458 σπείρεις,

2414 1492 2485 1543 οὺ
2538 1490 2603 1542 τὸ
2643 1488 2815 1557 σῶμα
2867 1487 2934 1541 τὸ
2986 1484 3394 1555 γενησόμενον
3450 1482 3757 1550 σπείρεις,
3827 1481 3997 1535 ἀλλὰ

2413 1580 2649 1650 γυμνὸν
2672 1581 2920 1643 κόκκον,
2954 1582 3004 1633 ει
3035 1579 3229 1646 τύχοι,
3257 1577 3449 1641 σίτου,
3471 1574 3510 1642 ἦ
3541 1592 3702 1640 τινος
3722 1575 3843 1628 τῶν
3874 1578 4001 1627 λοι-

2414 1674 2565 1728 πῶν.
2609 1673 2672 1727 ’0
2697 1672 2765 1725 δὲ
2825 1672 2963 1733 Θεὸς
3010 1669 3220 1723 δίδωσι
3255 1666 3427 1737 σῶμα
3470 1666 3662 1733 καθὼς
3704 1665 3997 1733 ἠθέλησε,

2335 1750 2382 1808 Β
2413 1769 2511 1823 καὶ
2546 1767 2781 1828 ἑκάστῳ
2805 1762 2921 1818 τῶν
2949 1760 3307 1830 σπερμάτων
3336 1763 3400 1813 τὸ
3432 1759 3585 1812 ῑδιον
3616 1757 3811 1825 σῶμα.

2484 1861 2576 1925 Τὸ,
2636 1856 2887 1927 ὲκνῆψαι.
2960 1854 3036 1918 ὡς
3099 1855 3191 1907 ἐπὶ
3243 1853 3571 1923 μεθυόντων.
3624 1850 3698 1901 Τὸ
3743 1848 3869 1910 δὲ,ι
3906 1850 4002 1900 Ai-

2415 1953 2604 2015 καίως,
2647 1968 2665 2001 ι
2700 1949 2864 2001 οἱονεὶ
2918 1943 3326 2016 συμφερόντως.
3367 1944 3486 1997 Ἐνι
3520 1941 3626 2013 γὰρ
3673 1940 3765 1993 καὶ
3792 1939 4001 1999 ἀδίκως

2414 2046 2627 2116 νήφειν,
2653 2036 2766 2094 οἷον
2792 2041 2883 2093 ἐπὶ
2913 2038 3088 2106 κακῷ.
3120 2056 3139 2089 ι
3184 2037 3292 2090 Καὶ
3329 2036 3405 2104 μὴ
3428 2034 3795 2104 ἁμαρτάνετε.
3829 2049 3849 2081 ι
3902 2029 4001 2082 Ἐκ

2415 2115 2607 2188 τούτου
2643 2131 2772 2202 γὰρ,
2814 2128 2969 2199 φησὶ,
3003 2127 3100 2180 καὶ
3144 2127 3210 2195 τῇ
3253 2123 3551 2178 ἀναστάσει
3589 2118 3893 2173 ἀπιστεῖτε.
3934 2115 4000 2167 Οἱ

2417 2228 2525 2296 γὰρ
2574 2225 2782 2285 ἑαυτοῖς
2845 2220 2992 2273 κακά
3050 2216 3370 2278 συνειδότες,
3410 2214 3471 2265 οὐ
3525 2212 3803 2264 πείθονται
3852 2204 4001 2262 εἶναι

2416 2316 2732 2376 ἀνάστασιν,
2765 2310 2843 2382 τῷ
2896 2311 3006 2364 δέει
3060 2309 3171 2361 τῶν
3200 2305 3470 2377 ἀμοιὸὦν,
3502 2304 3577 2365 ὠς
3608 2295 3696 2354 οἷα
3746 2300 4004 2370 ἀμμρτάο

2418 2426 2621 2471 νοντες.
2682 2408 2780 2460 Διά
2831 2404 3010 2469 τοῦτο,
3049 2401 3205 2473 φησὶ,
3258 2398 3331 2470 μὴ
3391 2392 3872 2467 ἀμαρτάνετε,ἷνα
3911 2410 4005 2444 πι-

2422 2505 2649 2573 στεύητε
2676 2502 2774 2573 τὴν
2801 2500 3121 2555 ἀνάστασιν.
3158 2492 3460 2565 ’Δγνωσίαν
3481 2490 3590 2561 γὰρ
3622 2488 3779 2550 Θεοῦ,
3808 2490 4001 2556 φησιν,

2420 2598 2634 2669 ἔχουσιν
2661 2595 2710 2647 οἱ
2742 2596 2811 2664 τῇ
2872 2588 3167 2645 ἀναστάσει
3198 2584 3576 2646 ἀπιστοῦντες.
3608 2582 3682 2634 Οὐ
3714 2578 3826 2650 γὰρ
3852 2580 3939 2631 ica
3955 2596 4004 2629 τι

2420 2690 2514 2744 τοῦ
2553 2686 2689 2741 Θεοῦ
2738 2686 2836 2756 τὴν
2878 2682 3131 2752 δύναμιν.
3166 2680 3280 2733 Οὐκ
3306 2673 3427 2730 εἷπε
3473 2675 3551 2740 δὲ,
3587 2673 3804 2744 Ἔχετε,
3840 2671 4005 2731 ens,

2429 2802 2446 2834 ι
2482 2782 2639 2842 Τινὲς
2675 2778 2877 2847 ἔχουσι,
2914 2794 2933 2827 ι
2968 2773 3139 2843 ταύτῃ
3168 2774 3236 2841 τῇ
3257 2768 3483 2837 λέξειτδ
3517 2767 3775 2836 ἔγκλημα
3800 2767 4001 2818 ὑποτε-

2428 2874 2715 2945 μνόμενος.
2763 2888 2783 2921 ι
2836 2868 2977 2939 Πρὸς
3018 2864 3285 2937 ἐντροπὴν
3341 2863 3472 2931 ὑμῖν
3521 2861 3688 2929 λέγω.
3732 2878 3751 2911 ι
3781 2858 4009 2927 Ἐπειδὴ

2426 2964 2597 3019 πολλά
2632 2961 2811 3017 αὐτῶν
2836 2959 3142 3029 καθήψατο,
3167 2954 3568 3027 παραμυθεῖται
3608 2949 3827 3011 αὐτούς.
3862 2952 4006 3019 Πρὸς

2426 3056 2700 3127 ἐντροπὴν
2742 3055 2872 3122 ὑμῖν
2916 3051 3089 3118 λέγω,
3147 3048 3331 3117 φησὶν,
3379 3046 3480 3112 οὐχ
3538 3044 3678 3098 ὥστε
3733 3043 4006 3111 ἀτιμάσαι

2426 3148 2592 3218 ὑμᾶς,
2622 3146 2735 3199 ἀλλ’
2764 3144 2905 3197 ὥστε
2926 3140 3315 3210 αἰσχυνθέντας
3348 3136 3650 3207 emeatus:
3670 3134 3729 3186 τὸ
3750 3134 4009 3186 ἀπιστεῖν

2424 3243 2495 3311 τῇ
2527 3238 2843 3291 ἀναστάσει.
2874 3252 2894 3284 ι
2925 3233 3196 3301 Ἀλλ’ὲρεῖ
3226 3248 3328 3292 τις.
3375 3248 3392 3279 ι
3425 3228 3539 3280 Οὐκ
3595 3221 3766 3288 εἶπεν,
3812 3224 4009 3290 Ὑμεῖς

2425 3332 2635 3398 λέγετε,
2693 3329 2779 3381 ἵνα
2835 3326 3004 3387 οὕτως
3050 3320 3356 3390 ἀνεπαχθὴς
3378 3323 3404 3372 ὁ
3435 3318 3592 3386 λόγος
3625 3312 3680 3389 ᾖ,
3712 3315 3786 3378 ὡς
3826 3314 4009 3367 ἄλλων

2425 3420 2817 3477 ἀπιστούντων.
2850 3413 2984 3471 Εἶτα
3017 3415 3109 3469 δύο
3138 3415 3315 3484 ἄπορα
3344 3413 3527 3468 αὐτοῖς
3557 3404 3694 3461 εἶναι
3716 3407 4006 3468 δοκοῦντα,

2425 3518 2499 3581 ὡς
2533 3514 2593 3579 ἐξ
2625 3512 2946 3573 ἀντιθέσεως
2977 3508 3111 3562 λύει.
3161 3503 3534 3577 ’Δμφὲῦαλλον
3574 3501 3683 3571 γὰρ
3722 3501 3838 3557 πῶς
3862 3500 4010 3566 ὲγεί-

2430 3624 2580 3675 ρεται
2644 3605 2705 3658 τὸ
2748 3602 2896 3666 ἅπαξ
2960 3600 3209 3653 διαλυθὲν
3238 3598 3421 3666 σῶμα,
3477 3596 3570 3648 καὶ
3610 3593 3748 3660 ποίῳ
3787 3590 4010 3659 σώματι

2428 3701 2734 3763 ἀνίσταται,
2775 3697 2949 3764 τούτῳ
2982 3693 3210 3763 ἢὲτέρῳ
3246 3690 3372 3743 τινί.
3414 3690 3493 3741 TC:
3548 3686 3640 3741 οὖν
3689 3686 3783 3738 δύο
3820 3688 4010 3745 αὐτοῖς

2427 3791 2637 3846 ἀπιλύει
2684 3789 2773 3842 διὰ
2784 3788 2879 3840 τοῦ
2900 3786 3338 3856 παραδείγματος
3354 3781 3448 3834 τοῦ
3471 3782 3722 3833 κόκκουοι
3739 3780 3971 3848 Ἀφρον.
3986 3797 4005 3828 ι

2441 3885 2573 3937 Ἀπὸ
2612 3883 2770 3952 δήλου
2822 3880 3267 3951 παραδείγματος
3319 3877 3554 3928 ποιεῖται
3588 3874 3686 3941 τὴν
3735 3874 4010 3934 ἐπίλυσιν,

2428 3978 2510 4031 διὸ
2538 3977 2634 4029 καὶ
2664 3975 2907 4044 ἄφρονας
2931 3971 3103 4037 καλεῖ,
3132 3970 3206 4029 ὡς
3226 3969 3297 4022 τὰ
3314 3967 3457 4021 οὓτω
3485 3965 3631 4034 σαφῆ
3654 3963 4007 4031 ἀγνοοῦντας.

2431 4071 2527 4134 Σὺ,
2566 4068 2752 4138 φησὶν,
2775 4066 2803 4119 ὃ
2829 4065 3094 4134 σπείρεις,
3121 4065 3147 4115 ὁ
3174 4060 3431 4130 φθαρτὸς,
3459 4060 3518 4111 οὐ
3538 4058 3882 4121 ζωοποιεῖται
3912 4059 4011 4109 ὲάν

2434 4164 2511 4233 μὴ
2558 4162 2826 4231 ἀποθάνῃ.
2880 4159 2945 4212 Τί
2996 4156 3089 4210 οὖν
3137 4155 3266 4225 περὶ
3315 4152 3451 4205 Θεοῦ
3497 4151 3895 4221 ἀμφιϐάλλεις
3934 4150 4010 4201 Οὔ

2432 4256 2802 4320 ζωοποιεῖται,
2844 4250 3031 4319 φησίν.
3078 4249 3217 4316 Ὅρα
3254 4245 3331 4306 δὲ,
3377 4243 3554 4307 λέξεσι
3609 4242 3897 4311 κέχρηται,
3948 4243 4011 4293 οὐ

2436 4348 2766 4416 σπέρμασιν,
2794 4330 3205 4409 ἁλλάσώμασιν
3237 4336 3542 4408 ἀρμοδίαις.
3567 4354 3584 4384 ι
3617 4335 3742 4386 Ἐὰν
3768 4335 3842 4402 μὴ
3876 4335 4015 4385 ἀπο-

755 4444 862 4497 nisi
900 4450 1176 4493 mortuum
1217 4438 1411 4501 fuerit;
1455 4434 1586 4503 quid
1632 4448 1764 4501 ergo
1811 4431 1881 4484 de
1920 4430 2029 4483 Deo
2071 4427 2318 4481 lia'sitas‘:

2438 4437 2594 4507 θάνῃ,
2628 4453 2645 4486 ι
2680 4433 2865 4502 φησίν.
2902 4431 3041 4495 Ὅρα
3075 4428 3189 4488 πῶς
3219 4429 3296 4489 είς
3320 4426 3383 4476 τὸ
3414 4424 3651 4476 ἐναντίον
3680 4424 4012 4492 περιέτρεψε

757 4535 876 4589 Non
903 4533 1234 4595 viviﬁcatur,
1273 4530 1368 4582 ait.
1403 4526 1538 4582 Vide
1571 4534 1753 4579 autem
1787 4524 1958 4593 qttod,
1989 4519 2330 4576 dictionibus

756 4631 830 4681 sit
863 4641 1016 4686 usus,
1048 4640 1155 4677 non
1177 4637 1300 4691 quae
1328 4620 1663 4681 seminibus,
1691 4617 1786 4670 sed
1827 4632 1949 4685 qua:
2001 4615 2331 4683 corporibus

760 4730 900 4789 aptae
954 4718 1086 4773 sint.
1129 4735 1147 4766 ι
1189 4713 1304 4768 Nisi
1359 4722 1639 4766 mortuum
1684 4710 1869 4762 fuerit.
1941 4726 1960 4759 ι
2027 4706 2332 4760 Considera

756 4827 887 4866 vero
919 4826 1031 4881 quo
1090 4809 1252 4863 modo
1286 4821 1595 4863 sermonem
1627 4806 1683 4857 in
1716 4803 2057 4856 contrarium
2092 4815 2331 4853 conver-

760 4899 847 4952 tit.
881 4897 994 4951 illis
1056 4896 1200 4950 enim
1245 4895 1475 4949 dubium
1522 4892 1810 4947 videbatur
1846 4905 1958 4960 quo
2008 4898 2169 4959 pacto
2209 4898 2335 4957 post

758 4999 990 5043 mortem
1031 4991 1426 5043 excitarentur.
1460 4986 1580 5055 Ipse
1622 4999 1751 5039 vero
1779 5001 1809 5037 e
1842 4984 2087 5044 diverso,
2121 4981 2203 5037 0b
2253 4982 2331 5044 id,

761 5081 963 5151 inquit,
1027 5079 1339 5134 excitamur
1384 5078 1649 5147 quoniam
1700 5076 2014 5131 morimur:
2073 5083 2333 5143 tanquam

763 5189 872 5226 non
899 5172 1057 5226 di-tnr
1088 5170 1291 5239 alioqui
1329 5168 1591 5223 vivilicari
1628 5168 1734 5221 nisi
1774 5182 1921 5220 nzors
1971 5166 2333 5235 praicesserit.

761 5264 894 5318 Nam
926 5265 1030 5317 hoc
1069 5263 1388 5318 manifestat
1422 5260 1732 5330 exemplum
1768 5260 1834 5313 de
1864 5261 2048 5312 tritico
2092 5259 2336 5312 caeteris-

765 5372 871 5425 que
926 5354 1261 5409 setninibus.
1296 5352 1363 5405 Et
1390 5352 1704 5414 considera,
1734 5364 1844 5403 una
1878 5350 2096 5403 interim
2134 5351 2337 5403 solutio

761 5456 845 5501 est
892 5448 1037 5515 quod
1065 5444 1265 5499 mortui
1316 5444 1650 5497 excitantur.
1692 5461 1708 5493 ι
1748 5441 1829 5495 Tu
1885 5441 2031 5511 quod
2096 5441 2336 5495 seminas

674 5578 675 5581 η
739 5530 872 5597 ἰιοιι
911 5543 1223 5596 vivilieatur
1273 5541 1377 5594 nisi
1435 5538 1933 5592 mortuumluerit.
1973 5558 1990 5588 ι
2027 5537 2082 5591 Si
2116 5554 2247 5607 ergo
2280 5538 2335 5591 id

765 5630 907 5698 quod
938 5639 995 5683 tu
1048 5631 1292 5684 seuiiuas
1323 5636 1377 5681 et
1424 5630 1678 5696 sepulcro
1713 5626 2119 5695 quodammodo
2148 5628 2336 5679 occul-

769 5734 851 5776 tztS
899 5737 962 5774 ac
1026 5720 1348 5784 mortiﬁeas,
1387 5718 1529 5772 Deus
1593 5719 1907 5781 resuscitat,
1942 5726 1993 5771 et
2040 5720 2131 5771 dat
2173 5734 2333 5771 suum

766 5828 986 5883 corpus,
1015 5827 1134 5867 cum
1159 5813 1271 5883 jam
1320 5809 1679 5881 putrefactum
1710 5820 1851 5865 esset
1878 5825 1941 5864 ac
1975 5810 2332 5877 dissolutum,

2435 4525 2726 4592 τὸνλόγον.
2764 4522 3025 4582 Ἐκείνοις
3049 4520 3155 4588 γάρ
3182 4516 3354 4569 ἐδόκει
3379 4516 3603 4583 ἄπορον,
3627 4512 3745 4573 πῶς
3775 4515 3916 4581 μετά
3949 4514 4014 4564 τὺ

2437 4616 2729 4670 ἀποθανεῖν
2772 4611 3119 4681 ιἐγειρόμεθα.⁸
3148 4607 3305 4669 αὐτὸς
3325 4606 3402 4671 δὲ,
3432 4606 3489 4656 τὸ
3521 4603 3759 4655 ἐναντίον
3819 4603 4012 4671 φησιν,

2435 4711 2518 4761 ὅτι
2560 4708 2647 4760 διὰ
2679 4705 2836 4759 τοῦτο
2865 4700 3215 4773 ὲγειρὸμεθα,
3242 4698 3430 4766 ἐπειδὴ
3464 4695 3910 4764 ἀποθνήσκομεν,
3938 4693 4016 4756 ὡς

2437 4801 2537 4852 οὐκ
2561 4796 2931 4869 ὲγχωροῦντος
2966 4792 3141 4855 ἄλλως
3176 4789 3601 4857 ζωοποιηθῆναι,
3626 4789 3674 4837 εἰ
3711 4786 3787 4854 μὴ
3820 4781 3890 4856 ἦν
3916 4785 4017 4837 θά-

2438 4910 2620 4956 νατος.
2648 4891 2820 4943 Τοῦτο
2854 4889 2959 4958 γὰρ
3024 4887 3085 4939 τὸ
3132 4883 3485 4953 παράδειγμα
3510 4880 3601 4931 τοῦ
3645 4879 3795 4931 σίτου
3837 4878 4013 4946 δηλοῖ,

2438 4985 2662 5038 καὶτῶν
2698 4982 2900 5033 λοιπῶν
2949 4976 3299 5047 σπερμάτων.
3334 4974 3444 5025 Καὶ
3480 4972 3691 5034 θέασαι,
3733 4970 3871 5028 τέως
3916 4969 4016 5039 μία

2439 5075 2611 5138 λύσις,
2637 5073 2719 5125 ὅτι
2762 5073 2810 5123 οἱ
2863 5068 3234 5129 ἁπαθανὸντες
3274 5064 3597 5133 ἐγείρονται.
3637 5081 3655 5112 ι
3698 5062 3769 5113 Σὺ
3799 5062 3829 5113 ὂ
3862 5064 4016 5113 σπεί-

2441 5184 2553 5237 ρεις
2582 5167 2641 5218 οὐ
2675 5165 3043 5228 ζωοποιεῖται,
3080 5161 3173 5213 ὲάν
3207 5160 3281 5228 μὴ
3316 5155 3582 5229 ἀποθάνῃ.
3624 5172 3641 5205 ι
3681 5154 3743 5207 Εἰ
3768 5152 3863 5206 οὖν
3898 5156 3961 5206 σὺ
3989 5155 4015 5204 ὃ

2441 5260 2686 5327 σπείρεις
2715 5259 2810 5310 καὶ
2838 5256 3038 5324 τρόπον
3073 5252 3193 5306 τινὰ
3220 5252 3378 5320 τάφῳ
3412 5250 3707 5310 καλύπτεις
3726 5250 3821 5299 καὶ
3850 5250 4014 5299 θανα-

2439 5355 2572 5416 τοῖς,
2602 5350 2760 5403 τοῦτο
2781 5348 2956 5408 δΘεὸς
2977 5345 3247 5412 ἀνίστησι,
3279 5343 3373 5394 καὶ
3399 5341 3579 5393 δίδωσι
3599 5342 3663 5391 τὸ
3689 5340 3820 5392 ἴδιον
3855 5339 4015 5406 σῶμα

2439 5446 2499 5496 τὸ
2530 5443 2699 5496 σαπὲν
2734 5443 2823 5494 καὶ
2870 5439 3137 5501 διαλυθὲν,
3169 5436 3352 5488 δίδωσι
3384 5434 3464 5497 δὲ,
3507 5431 3689 5493 καθὼς
3721 5431 4013 5498 ἠθέλησεν,

2439 5535 2879 5605 εὐπρεπέστερον
2913 5531 3009 5583 καὶ
3041 5529 3392 5600 ὡραιότερον,
3421 5525 3449 5577 ὃ
3480 5525 3641 5585 αὐτὸς
3674 5526 3887 5585 ἐκεῖνος
3928 5524 4018 5575 διὰ

2439 5630 2535 5697 τῆς
2572 5626 2778 5686 οἰκείας
2809 5624 3161 5691 ἀποφάνσεως
3193 5620 3271 5681 εἰς
3306 5617 3409 5687 γῆν
3438 5617 3533 5669 καὶ
3561 5616 3732 5683 τάφον
3759 5616 4017 5667 ἐκέλευσε

2445 5716 2834 5772 κατατίθεσθαι
2872 5718 2962 5767 καὶ
3007 5712 3393 5780 ἀποθνήσκειν,
3448 5706 3605 5759 τοῦτο
3642 5707 3808 5767 αὑτὶς
3857 5704 4019 5756 πάλιν

2445 5813 2541 5863 οὐκ
2574 5812 2681 5881 ἔχει
2716 5810 2843 5878 ῥᾷον
2879 5807 2939 5859 τὸ
2958 5804 3295 5873 ζωοποιῆσαι
3327 5801 3420 5853 καὶ
3449 5798 3749 5866 ἀναστῆσαι
3779 5797 3869 5849 ὅτε
3894 5794 4017 5864 βού-
