4204 6464
227 395 331 461 881

1183 399 1569 461 COMMENT.
1606 401 1685 458 IN
1727 401 1964 464 EPIST.
2005 405 2031 463 Ι
2074 408 2173 467 ΑΙ)
2210 407 2569 468 CORINTH.

3381 408 3487 475 882

225 507 381 559 λεται
423 507 519 560 καὶ
550 505 801 575 θελήσεις
845 525 862 557 ι
899 507 1008 560 Καὶ
1037 506 1065 559 ὃ
1096 509 1358 574 σπείρεις,
1385 508 1444 558 οὗ
1481 507 1542 561 τὸ
1571 509 1748 578 σῶμα.
1789 530 1805 560 ι

1917 511 2116 582 rlatque
2145 515 2286 570 sicut
2310 517 2502 576 voluit.
2533 532 2730 586 nempe
2751 519 3036 578 decentius
3066 535 3130 575 ac
3159 519 3439 591 pulchrius
3464 541 3478 586 ς

241 599 332 651 Ἐν
355 601 468 662 τοῖς
499 599 610 653 ἀνω
640 598 733 651 δύο
785 600 1014 670 εἴπομεν
1044 600 1242 662 αὐτοὺς
1280 601 1646 668 ἀμφισϐητεῖν
1685 600 1810 669 περὶ

227 689 330 758 τῆς
363 689 736 754 ἀναστάσεως,
766 689 848 751 τὸ,
879 691 926 741 εί
959 689 1096 752 ὅλως
1123 691 1170 742 οἱ
1204 689 1545 751 διαλυθέντες
1576 692 1814 760 ἐγείρον-

228 799 341 844 ται,
372 781 467 834 καὶ
498 782 576 844 τὸ,
610 783 667 832 ἐν
699 782 838 852 ποίῳ
869 780 1084 852 σώματι
1107 782 1431 852 ἐγείρονται,
1467 782 1596 837 ἔνθα
1632 786 1813 854 ἡρμη-

227 875 438 938 νεύετο,
482 893 501 926 ι
536 874 674 928 Ἀλλ’
707 875 823 943 ἐρεῖ
881 891 980 938 τις,
1034 873 1155 938 Πῶς
1180 874 1484 945 ἐγείρονται
1509 877 1554 928 oi
1591 876 1809 947 νεκροί;

226 969 372 1040 ποίῳ
390 968 446 1022 δὲ
465 967 680 1038 σώματι
703 969 952 1039 ἔρχονται
981 983 996 1030 ς
1029 985 1048 1018 t
1081 969 1192 1038 Τὴν
1225 963 1434 1037 μὲνοῦν
1457 969 1536 1022 ὅτι
1572 970 1813 1039 ἐγείρον-

224 1059 638 1126 ταιάπόδειξιν,
672 1061 729 1112 ἐν
768 1062 876 1121 τοῖς
894 1054 1192 1125 άεθωεῖπεν,
1232 1059 1363 1114 ἔνθα
1405 1060 1591 1127 ἔλεγε.
1633 1080 1649 1111 ε
1686 1062 1756 1114 εὖ
1784 1062 1812 1115 ὃ

227 1153 504 1222 σπείρεις,
528 1153 590 1206 οὐ
615 1152 980 1216 ζωοποιεῖται,
1009 1153 1104 1205 ἐὰν
1125 1153 1198 1222 μὴ
1219 1153 1486 1225 ἀποθάνῃ.
1517 1171 1535 1203 t
1564 1153 1695 1206 Ἰδοὺ
1722 1154 1813 1206 καὶ

227 1245 261 1311 ἡ
290 1243 524 1312 δευτέρα
557 1243 855 1306 ἀπόδειξις.
893 1242 1146 1297 Δείκνυσι
1178 1243 1308 1314 γάρ.
1340 1244 1421 1296 ὅτι
1453 1243 1512 1294 τὸ
1555 1243 1653 1312 μὲν
1683 1243 1814 1296 αὐτὸ

230 1332 420 1402 σῶμα,
448 1327 559 1385 οἷον
580 1335 677 1402 τῆς
701 1333 870 1401 αὐτῆς
910 1332 1098 1395 οὐσίας
1146 1332 1204 1385 ὃν
1233 1332 1527 1402 ἐγείρεται,
1548 1331 1706 1384 τοῦτο
1729 1331 1815 1384 λέ-

227 1440 339 1490 γει,
387 1443 407 1475 ι
449 1423 511 1477 '0
555 1424 612 1476 δὲ
644 1424 775 1486 θεὸς
813 1424 943 1476 αὐτὸ
966 1424 1148 1476 δίδωσι
1181 1424 1358 1492 σῶμα,
1393 1422 1814 1491 »λαμπρότερον

225 1513 283 1566 δέ
315 1513 410 1565 καὶ
440 1510 837 1581 κοσμιώτερον,
870 1513 1061 1581 ὥσπερ
1102 1511 1294 1582 ἀμέλει
1319 1512 1756 1582 εὐπρεπέστερος
1787 1515 1814 1566 ὁ

229 1606 438 1676 στάχυς
488 1605 583 1658 τοῦ
629 1603 842 1674 γυμνοῦ
884 1605 1108 1658 κόκκου.
1168 1605 1303 1659 Οὑδέ
1331 1605 1438 1674 γὰρ
1484 1605 1694 1675 σπείρει
1728 1605 1815 1657 τὸν

226 1697 480 1768 ἀσταχυν
535 1699 719 1762 αὐτίν,
775 1697 912 1752 ἀλλὰ
947 1698 1156 1768 γυμνὸν
1187 1697 1408 1751 κόκκον.
1448 1715 1465 1747 ι
1509 1697 1565 1750 Ὀ
1594 1697 1651 1750 δὲ
1680 1696 1815 1760 Θεὸς

226 1792 381 1861 αὐτῷ
418 1791 604 1844 δίδωσι
630 1792 813 1861 σῶμα.
847 1810 866 1843 t
898 1791 961 1844 El
998 1790 1090 1844 οὖν
1119 1793 1147 1844 ὁ
1180 1790 1311 1853 Θεὸς
1332 1790 1515 1843 δίδωσι
1554 1789 1734 1858 σῶμα,
1762 1790 1815 1842 τί

227 1886 312 1938 Et:
349 1886 684 1954 περιεργάξῃ
711 1885 848 1953 ποίῳ
878 1885 1089 1953 σώματι
1137 1882 1484 1953 ἐγειρόμεθα.
1511 1883 1605 1935 καὶ
1633 1883 1813 1935 διαπι-

229 1981 380 2042 στεῐς
401 1980 466 2048 τῇ
495 1978 786 2030 ἀναστάσει
811 1993 826 2044 ;
877 1977 934 2030 ὐ
977 1977 1086 2046 γάρ
1114 1975 1244 2039 Θεὸς
1275 1977 1336 2028 τὸ
1362 1975 1521 2028 λυθὲν
1549 1976 1646 2044 μὲν
1668 1975 1810 2042 ἐγεί-

227 2087 315 2142 ρει
367 2071 549 2138 σῶμα,
585 2070 720 2124 ἀλλὰ
751 2071 1216 2140 εὖπρεπεστερον,
1253 2067 1389 2120 ἀλλὰ
1425 2067 1811 2135 πνευματικώ-

223 2181 408 2235 τερον.
440 2164 611 2217 Τοῦτο
640 2164 747 2232 γὰρ
778 2163 873 2216 καὶ
911 2163 1002 2214 ἐπὶ
1030 2163 1137 2213 τῶν
1174 2162 1508 2227 σπερμάτων
1537 2161 1683 2212 ἔστιν
1715 2162 1811 2212 εὑ·

229 2260 369 2326 ρεϊν,
401 2259 484 2309 ὅτι
519 2257 960 2327 εὐπρεπέστερον
983 2253 1076 2307 τοῦ
1104 2253 1540 2321 καταϐληθέντος
1582 2255 1810 2308 ἄνεισιν.

233 2364 252 2398 ι
281 2346 398 2399 Καὶ
423 2347 641 2418 ἑκάστῳ
667 2345 774 2398 τῶν
797 2346 1128 2414 σπερμάτων
1149 2343 1207 2394 τὸ
1235 2344 1366 2396 ἴδιον
1399 2342 1576 2411 σῶμα.
1607 2363 1622 2394 t
1645 2342 1813 2396 Τοῦτο

225 2438 339 2491 τῶν
371 2439 669 2508 αἱρετικῶν
695 2436 1088 2509 ἐμφράττειτά
1116 2435 1382 2505 στόματα,
1410 2435 1519 2488 τῶν
1541 2436 1812 2503 λεγόντων

228 2529 290 2582 τδ
314 2529 450 2583 αὐτὸ
477 2529 638 2600 σῶμα
695 2531 753 2583 ἐν
783 2531 850 2600 τῇ
885 2527 1180 2582 ἀναστάσει
1215 2525 1305 2596 μὴ.
1336 2524 1668 2596 ἐγείρεσθαι,
1695 2523 1808 2578 ἀλλ’

226 2621 314 2675 {te
324 2639 440 2693 ρον.

1915 619 2099 659 nonne
2123 620 2251 675 ergo
2276 607 2406 662 illud
2432 611 2577 678 quod
2606 609 2840 680 ipsemet
2860 613 3081 682 prepria
3114 613 3389 668 sententia
3423 615 3477 666 in

1916 706 2113 752 terram
2141 713 2205 753 ac
2235 703 2548 769 sepulcrum
2576 704 2745 772 jussit
2769 705 2958 775 reponi
2983 715 3036 758 et
3064 707 3228 768 mori,
3265 704 3486 762 facilius

1917 789 2018 856 ipsi
2047 791 2153 844 erit
2192 807 2409 846 rursum
2440 794 2714 849 viviﬁcare
2743 812 2806 850 ac
2844 796 3204 857 resuscitare.
3234 812 3359 851 cum
3391 810 3488 848 ro-

1916 879 2080 933 luerit
2109 895 2170 934 ac
2209 884 2550 939 decreverit?
2601 907 2618 936 ι
2663 887 2724 939 Et
2751 889 2856 944 hoc
2905 889 3048 956 quod
3083 889 3345 953 seminas,
3379 903 3485 942 non

1915 987 2140 1041 corpus.
2177 993 2195 1026 ι
2229 975 2478 1032 Diximus
2511 989 2672 1032 antea
2704 980 3130 1035 iueuarratione
3172 981 3323 1036 illius
3362 997 3489 1051 par-

1917 1065 2097 1118 ticula!
2133 1085 2145 1119 :
2188 1083 2205 1116 ι
2250 1066 2318 1120 At
2348 1071 2491 1124 dicet
2527 1072 2728 1140 aliquis
2770 1084 2784 1128 :
2822 1071 3106 1137 Quomodo
3151 1075 3489 1128 suscitantur

1915 1157 2137 1224 mortui,
2161 1159 2306 1226 quali
2336 1168 2514 1214 autem
2540 1179 2772 1231 corpore
2794 1165 3051 1218 veniunt:
3091 1185 3108 1218 ι
3140 1166 3288 1236 quod
3327 1165 3401 1218 illi
3433 1165 3488 1219 in

1917 1247 2135 1305 duolms
2193 1251 2522 1307 hic'sitabant
2553 1257 2700 1308 circa
2733 1257 3202 1311 resurrectionem
3245 1275 3257 1312 :
3295 1272 3491 1327 nempe

1919 1349 2100 1395 utrum
2144 1350 2254 1411 jam
2289 1347 2514 1400 omnino
2556 1346 2812 1403 dissoluti
2851 1350 3222 1414 suscitentur,
3247 1359 3302 1404 et
3337 1351 3490 1420 quali

1917 1446 2151 1504 corpore
2174 1439 2533 1492 suscitentur.
2564 1438 2620 1492 lu
2654 1442 3028 1510 superioribus
3048 1442 3233 1512 itaque
3263 1443 3492 1497 demon-

1919 1525 2245 1580 strationem
2289 1531 2468 1596 posuit
2497 1531 2642 1600 quod
2675 1533 3038 1598 suscitentur,
3061 1548 3184 1588 cum
3229 1533 3438 1587 diceret
3471 1544 3487 1590 :

1918 1614 1999 1670 Tu
2047 1617 2196 1687 quod
2244 1621 2484 1676 semiuas
2523 1639 2630 1677 non
2689 1625 3001 1679 virilicatur
3050 1626 3155 1681 nisi
3213 1633 3490 1679 mortuum

1919 1707 2106 1763 fuerit.
2148 1709 2305 1781 571
2348 1712 2487 1768 Ecce
2531 1731 2677 1770 nunc
2731 1728 2784 1772 et
2833 1718 3002 1773 altera
3067 1709 3490 1773 demonsnatio.

1920 1799 2176 1856 Ostendit
2197 1806 2346 1858 enim
2377 1805 2525 1874 quod
2556 1806 2693 1861 idem
2723 1810 2941 1878 quidem
2987 1821 3210 1880 corpus,
3247 1809 3352 1864 hoc
3385 1815 3492 1872 est,

1921 1893 2065 1960 quod
2101 1894 2353 1961 ejusdem
2384 1905 2466 1952 cst
2489 1899 2834 1963 substantiae,
2866 1903 3194 1968 suscitatur;
3222 1916 3347 1955 nam
3391 1900 3497 1954 hoc

1921 1983 2215 2052 significat,
2254 2003 2272 2037 ι
2316 1985 2459 2042 Deus
2499 1998 2680 2044 autem
2717 1990 2813 2045 dat
2850 1991 2927 2045 illi
2977 2007 3138 2047 Suum
3192 2005 3389 2060 corpus
3425 2003 3438 2049 ι
3471 2009 3488 2041 ι

1920 2090 2112 2128 verum
2166 2077 2513 2146 splendidius
2550 2095 2614 2133 ac
2671 2083 2971 2139 ornatius:
3030 2083 3493 2154 quemadmodum

1918 2177 2052 2216 sane
2111 2166 2284 2235 magis
2317 2166 2516 2221 decora
2549 2177 2631 2221 est
2667 2170 2819 2236 spica
2855 2171 3001 2223 nudo
3033 2185 3206 2239 grano
3238 2187 3252 2235 ;
3319 2183 3497 2236 neque

1915 2254 2063 2306 enim
2095 2255 2337 2311 seminat
2391 2260 2566 2325 ipsam
2602 2261 2836 2330 spicam,
2871 2263 2964 2315 sed
3010 2263 3210 2315 nudum
3240 2275 3493 2328 granum.

1925 2363 1942 2394 ι
1984 2342 2127 2400 Deus
2164 2355 2346 2401 autem
2380 2349 2472 2402 dat
2523 2349 2603 2403 illi
2639 2366 2862 2420 corpus.
2899 2369 2918 2404 ι
2956 2350 3010 2406 Si
3039 2367 3168 2419 ergo
3218 2352 3360 2405 Deus
3406 2349 3498 2404 det

1917 2451 2141 2505 corpus,
2179 2439 2310 2509 quid
2355 2440 2532 2496 adhuc
2559 2443 2774 2499 curiose
2798 2445 3066 2500 scrutaris
3087 2443 3234 2514 quali
3265 2455 3496 2510 corpore

1919 2529 2275 2594 suscitentur,
2308 2547 2372 2587 ac
2401 2533 2469 2588 de
2507 2536 2908 2591 resurrectione
2939 2535 3174 2590 dillidis?
3199 2533 3331 2588 Nam
3355 2532 3498 2586 Deus

1920 2633 2126 2688 corpus
2172 2622 2392 2690 quidem
2428 2625 2572 2693 quod
2602 2623 2936 2680 dissolutum
2984 2632 3090 2689 est,
3118 2624 3373 2686 suscitat,
3403 2620 3497 2676 scd

226 2716 541 2783 decentius,
574 2716 667 2772 sed
701 2715 1066 2786 spiritualius.
1116 2712 1474 2784 Siquidcmin
1503 2712 1812 2768 seminibus
1849 2727 2068 2783 quoque
2098 2715 2239 2768 idem
2284 2725 2370 2772 est
2439 2718 2704 2785 invenire,
2777 2719 2922 2789 quod
2977 2719 3264 2774 decentius
3321 2717 3499 2786 surgit

225 2826 394 2880 quam
423 2811 727 2880 projectum
752 2818 890 2865 erat.
923 2828 941 2860 ι
969 2807 1031 2862 Ει
1057 2808 1356 2878 unicuique
1384 2808 1658 2863 seminum
1696 2821 1858 2862 suum
1884 2822 2104 2876 corpus.
2151 2828 2166 2859 ι
2217 2807 2328 2865 lloc
2355 2805 2739 2868 haereticorum
2773 2813 2996 2868 obturat
3027 2828 3145 2875 ora,
3190 2811 3495 2868 dicentium

229 2919 340 2958 non
374 2902 633 2958 suscitari
660 2902 801 2955 idem
835 2915 1036 2970 corpus
1069 2899 1123 2953 in
1151 2899 1580 2957 resurremione.
1612 2898 1707 2952 sed
1732 2894 1906 2950 aliud.

301 2997 387 3050 Οὐ
427 2992 598 3048 πᾶσα
637 2993 819 3060 σὰρξ,
849 2993 884 3059 ἠ
923 2992 1076 3055 αὑτὴ
1119 2989 1298 3057 σὰρξ,
1323 2988 1482 3042 ἀλλὰ
1516 2988 1674 3055 ἄλλη
1693 2988 1811 3056 μὲν

225 3088 576 3156 ἀνθρώπων,
639 3086 799 3152 ἄλλη
861 3084 930 3137 δὲ
985 3083 1142 3151 σὰρξ
1199 3081 1456 3147 κτηνῶν,
1515 3081 1676 3147 ἄλλη
1743 3079 1812 3132 δὲ

1989 2984 2105 3049 XV,
2138 2987 2327 3043 59-41.
2380 2987 2498 3042 Non
2552 2990 2722 3043 omnis
2755 3005 2904 3055 caro,
2957 2989 3136 3043 eadem
3200 3005 3346 3053 caro,
3406 2988 3497 3043 sed

1920 3078 2030 3129 alia
2056 3077 2268 3142 quidem
2316 3095 2442 3131 caro
2492 3079 2784 3145 hominum,
2823 3080 2932 3133 alia
2993 3090 3166 3133 autent
3225 3096 3494 3149 pecorum.

225 3182 476 3250 ιχθύων,
502 3177 742 3243 amnes
759 3174 1020 3244 πτηνῶν.
1063 3174 1171 3228 Καὶ
1192 3173 1437 3243 σώματα
1463 3173 1810 3240 ἐπουράνια,

1919 3168 2030 3222 alia
2061 3184 2179 3223 vero
2218 3170 2464 3239 piscium,
2501 3171 2612 3226 alia
2669 3182 2846 3226 autem
2898 3173 3191 3226 volucrum.
3249 3170 3317 3227 Et
3373 3181 3495 3226 sunt

225 3271 326 3325 καὶ
366 3269 610 3338 σώματα
643 3269 894 3337 ἐπίγεια.
937 3266 1278 3334 Ἀλλ“ἐτέρα
1295 3265 1414 3335 μὲν
1443 3267 1479 3332 ἡ
1506 3263 1621 3318 τῶν
1635 3266 1816 3319 ἐπου-

218 3363 452 3432 ρανίων
480 3360 644 3425 δόξα.
683 3360 856 3427 ἑτέρα
916 3358 984 3412 δὲ
1026 3359 1064 3426 ἡ
1094 3357 1216 3413 τῶν
1268 3358 1562 3427 ἐπιγείων.
1620 3359 1814 3425 ’Ἄλλη

224 3449 379 3513 δόξα
417 3448 619 3516 ἡλίου,
664 3448 760 3501 καὶ
808 3447 969 3515 ἄλλη
1009 3447 1158 3512 δόξα
1187 3446 1479 3514 σελήνης,
1512 3447 1610 3500 καὶ
1653 3446 1814 3516 ἄλλη

225 3540 379 3604 δόξα
402 3541 696 3607 ἀστέρων.
739 3538 959 3607 Ἀστὴρ
979 3539 1086 3609 τὰρ
1128 3540 1386 3607 ἀστέρος
1438 3537 1704 3608 διαφέρει
1747 3539 1818 3592 ἐν

224 3631 401 3699 δόξῃ.

302 3721 437 3778 Εἶτα
467 3725 556 3777 ἵνα
591 3723 664 3794 μὴ
691 3722 932 3786 ἀκούσας
961 3724 1091 3794 περὶ
1121 3723 1213 3777 τοῦ
1251 3724 1420 3786 σίτου,
1455 3726 1706 3796 νομίσῃς,
1732 3728 1814 3781 ὅτι

225 3818 529 3887 ῶσπερέπὶ
549 3816 717 3871 αὐτοῦ
739 3819 940 3880 πάντες
953 3818 1002 3870 οἱ
1022 3817 1289 3885 ἀστάχυες
1306 3817 1557 3887 ὁμότιμοι
1576 3819 1810 3884 ἀνίασιν,

224 3912 407 3976 οὕτως
448 3912 542 3965 καὶ
575 3914 631 3964 ἐν
650 3913 717 3980 τῇ
750 3910 1042 3964 ἀναστάσει
1073 3910 1324 3980 ὁμότιμοι
1349 3911 1544 3973 πάντες
1579 3909 1810 3978 ἔσονται,

224 4003 402 4069 δεῖξαι
433 4003 576 4055 θέλει
611 4005 693 4055 ὅτι
715 4002 948 4071 διαφορά
997 4003 1114 4054 ἐστι
1147 4002 1256 4054 τῶν
1287 4002 1682 4071 ἀνισταμένων,
1718 4003 1812 4055 καί

226 4110 419 4164 φησιν·
453 4115 470 4148 ι
508 4095 582 4148 Οὐ
607 4097 754 4147 πάσα
779 4092 916 4163 σὰρξ
948 4095 980 4163 ἡ
1021 4093 1184 4161 αὐτὴ,
1225 4112 1242 4144 t
1269 4093 1381 4144 ἀλλ’
1414 4093 1528 4145 ἔστι
1556 4093 1812 4162 διαφορὰ,

226 4188 328 4241 καὶ
352 4187 491 4248 τέως
519 4187 644 4256 περὶ
674 4184 1020 4257 ἁμαρτωλῶν
1070 4186 1239 4252 λέγει.
1292 4186 1400 4239 Καὶ
1431 4185 1539 4253 γὰρ
1592 4187 1687 4238 καὶ
1725 4186 1813 4237 ἐπ’

224 4278 408 4332 αὐτῶν
438 4278 554 4331 ἔστι
581 4277 818 4347 διαφορά
842 4276 1138 4347 τιμωρίας.
1173 4274 1338 4328 Ὅθεν
1366 4279 1552 4346 φησιν,
1590 4297 1606 4328 ι
1643 4276 1812 4348 ’Ἄλλη

228 4368 332 4436 μὲν
362 4364 687 4434 ἀνθρώπων,
727 4366 860 4432 ἄλλη
893 4365 950 4418 δὲ
979 4364 1192 4434 κτηνῶν
1215 4366 1307 4418 καὶ
1339 4365 1557 4434 ἰχθύων,
1591 4385 1608 4418 ι
1640 4367 1814 4438 τούτῳ

223 4456 306 4525 τῷ
333 4457 541 4526 τρόπῳ,
577 4457 673 4526 τὴν
705 4457 823 4509 ἐκεῖ
874 4456 1042 4510 οὖσαν
1064 4457 1330 4530 διαφοράν
1358 4459 1558 4529 δηλῶν.
1585 4460 1694 4512 Καὶ
1739 4461 1815 4523 ὡς

1920 3278 2143 3329 corpora
2169 3263 2424 3327 cales-tia,
2450 3275 2495 3317 et
2535 3276 2659 3319 sunt
2693 3282 2919 3334 corpora
2953 3267 3252 3320 terrestria.
3303 3264 3494 3319 Verum

1920 3355 2036 3408 alia
2087 3357 2301 3426 quidem
2337 3357 2630 3411 calestium
2690 3357 2881 3425 qloria,
2936 3357 3045 3411 alia
3101 3368 3277 3411 autent
3331 3367 3493 3410 terre-

1919 3447 2110 3498 strium
2143 3464 2162 3500 :
2201 3447 2314 3500 alia
2352 3447 2528 3516 gloria
2572 3449 2725 3513 solis,
2773 3448 2882 3502 alia
2909 3449 3079 3517 gloria
3112 3448 3272 3511 luuu',
3303 3458 3350 3502 et
3383 3448 3491 3502 alia

1918 3538 2092 3608 gloria
2121 3537 2424 3594 stellarum.
2479 3538 2648 3594 Stella
2689 3541 2946 3610 siquidem
2987 3558 3016 3594 α
3043 3542 3200 3595 stella
3230 3541 3406 3611 (li/fert
3438 3543 3490 3595 itt

1915 3631 2109 3701 gloria.

1991 3723 2194 3780 Deinde
2224 3740 2293 3781 ne
2327 3725 2518 3780 audito
2573 3725 2640 3781 de
2677 3724 2953 3780 frumento
2987 3726 3261 3796 exemplo,
3306 3726 3491 3794 opine-

1919 3816 1993 3870 ris
2024 3816 2170 3884 quod
2209 3819 2352 3873 sicut
2387 3819 2443 3871 in
2471 3833 2536 3872 eo
2567 3833 2760 3872 omnes
2801 3818 2966 3886 spica:
2992 3818 3044 3870 in
3078 3817 3268 3871 eodem
3300 3831 3491 3870 ascen-

1915 3907 2052 3972 dunt
2092 3909 2323 3971 honore,
2370 3911 2440 3962 ita
2477 3920 2530 3964 et
2563 3911 2616 3964 iu
2647 3911 3053 3965 resurrectione
3089 3925 3279 3964 omnes
3307 3911 3362 3963 in
3393 3925 3487 3963 eo-

1916 3998 2038 4050 dem
2078 3996 2248 4052 futuri
2299 4001 2412 4055 sint
2449 4001 2676 4064 honore,
2733 4003 2846 4055 vult
2899 4001 3193 4056 ostendere
3251 4002 3486 4056 futuram

1917 4091 2058 4145 inter
2104 4108 2200 4146 eos
2230 4093 2321 4161 qui
2359 4103 2646 4162 resurgcnt
2678 4095 3074 4148 diversitatem.
3115 4080 3284 4147 (Non
3313 4095 3490 4148 omnis

1919 4197 2048 4238 caro
2076 4184 2290 4246 eadem,
2333 4202 2351 4236 ι
2398 4184 2495 4240 sed
2555 4192 2638 4240 est
2695 4185 3012 4249 diversitas,
3055 4193 3109 4238 et
3161 4183 3375 4238 interim
3424 4184 3492 4237 de

1921 4275 2306 4343 peccatoribus
2337 4275 2601 4344 loquitur.
2639 4275 2771 4328 Nam
2805 4278 2950 4331 inter
2985 4277 3138 4344 ipsos
3161 4289 3377 4345 quoque
3407 4281 3492 4328 est

1921 4363 2218 4419 diversitas
2266 4365 2548 4434 supplicii.
2585 4364 2735 4419 Unde
2765 4365 2840 4417 ait
2873 4379 2887 4417 :
2933 4383 2952 4416 ι
2991 4365 3111 4417 Alia
3135 4365 3355 4434 quidem
3391 4364 3493 4418 ho-

1920 4456 2128 4509 minum
2161 4471 2314 4522 caro,
2363 4457 2470 4510 alia
2504 4473 2631 4512 vero
2664 4473 2924 4527 pecorum
2949 4465 3004 4510 et
3039 4457 3293 4526 piscium,
3334 4473 3353 4508 ι
3390 4457 3494 4511 hoc

227 4553 286 4602 ἐν
317 4548 727 4620 παραδείγματι
763 4549 1027 4619 ἐπεξῆλθε
1066 4550 1144 4619 τῷ
1193 4551 1356 4622 λόγῳ.
1398 4552 1474 4616 ὡς
1508 4554 1555 4606 εί
1601 4553 1808 4622 ἔλεγεν,

1919 4549 2082 4602 modo
2113 4547 2479 4602 dill‘erentiam
2521 4565 2640 4617 qua:
2671 4549 2745 4603 ibi
2786 4558 2870 4604 cst
2919 4549 3258 4618 signiﬁcans,
3291 4556 3344 4603 et
3371 4555 3496 4603 tan-

228 4641 449 4711 Ὠσπερ
483 4642 635 4693 ἐστὶν
662 4640 900 4695 ἐνταῦθα
921 4642 1160 4712 διαφορά
1193 4643 1498 4713 ἀνθρώπων
1530 4645 1626 4697 καὶ
1675 4663 1804 4715 κτη-

224 4729 337 4781 νῶν
365 4730 462 4782 καὶ
489 4730 712 4798 ἰχθύων,
746 4728 921 4792 οὕτως
953 4731 1105 4784 ἔσται
1140 4733 1304 4785 κάκεῖ
1329 4733 1571 4802 διαφορὰ
1594 4735 1688 4788 καὶ
1716 4736 1808 4787 αὺ-

225 4821 340 4874 τῶν
393 4820 504 4874 τῶν
553 4822 901 4891 ἁμαρτωλῶν
954 4824 1013 4875 ἐν
1067 4827 1186 4887 ταῖς
1225 4824 1548 4894 τιμωρίαις.
1579 4845 1598 4877 ι
1647 4827 1808 4882 Ἀλλά

225 4915 366 4983 άλλη
403 4914 505 4976 μέν
529 4914 855 4984 ἀνθρώπων.
891 4935 911 4967 ι
949 4917 1104 4969 Πᾶσα
1145 4919 1178 4986 ὴ
1217 4917 1453 4988 διαφορά
1484 4918 1647 4988 αὕτη,
1682 4922 1812 4991 περὶ

228 5005 578 5074 ἁμαρτωλῶν
644 5006 794 5078 αὑτῷ
839 5008 1078 5079 εἴρηται.
1111 5009 1249 5078 Περὶ
1280 5010 1389 5080 γὰρ
1419 5010 1529 5063 τῶν
1565 5009 1812 5081 δικαίων,

226 5101 350 5151 ἐκεῖ
390 5100 626 5151 ποιεῖται
656 5099 946 5169 διαφορὰν,
1006 5101 1135 5154 ὅταν
1158 5100 1228 5152 τά
1271 5101 1505 5172 οὐράνια
1533 5102 1811 5173 καταλέγῃ

227 5185 482 5254 σώματα.
523 5205 540 5237 ι
573 5189 681 5240 Καὶ
716 5188 950 5256 σώματα
968 5189 1290 5259 ἐπουράνια.
1332 5209 1349 5241 ι
1380 5186 1511 5243 Εἶτα
1547 5191 1676 5260 ἄχρι
1711 5191 1812 5259 τῆς

226 5279 495 5348 διαφορᾶς
524 5278 630 5331 τῶν
654 5279 996 5352 ἁμαρτωλῶν
1022 5282 1226 5354 ἔσταιή
1252 5283 1582 5349 ἀνάστασις;
1613 5285 1808 5352 οὐμεν-

226 5370 346 5422 οῦν.
386 5369 543 5421 Ἔστι
579 5370 690 5439 γὰρ
743 5372 837 5424 καὶ
893 5373 1125 5441 σώματα
1181 5375 1498 5442 ἐπουράνια,
1536 5375 1807 5439 τουτέστι,

226 5463 296 5513 τά
335 5461 446 5514 τῶν
483 5461 731 5525 δικαίων,
765 5462 834 5516 τά
878 5463 1214 5519 πλουτοῦντα
1249 5466 1309 5519 τὸ
1339 5466 1454 5534 φῶς
1493 5467 1588 5519 τοῦ
1624 5469 1808 5538 Παρα-

228 5549 456 5619 κλήτου.
497 5551 652 5602 Ἐστι
678 5551 736 5604 δὲ
759 5552 1004 5622 δηλονότι
1035 5555 1130 5607 καὶ
1161 5555 1402 5624 ἐπίγεια.
1434 5557 1704 5620 τουτέστι,
1739 5556 1808 5609 τά

224 5640 340 5693 τῶν
371 5640 734 5710 ἁμαρτωλῶν,
775 5642 844 5697 τὰ
875 5645 987 5707 τοῖς
1028 5647 1236 5716 γηϊνοις
1281 5647 1626 5717 φρονήμασιν
1657 5649 1804 5699 ἐνσε-

229 5732 585 5801 σημασμένα,
627 5733 796 5804 {now
843 5737 1076 5806 κτηνῶν,
1143 5740 1383 5808 πτηνῶν.
1441 5739 1580 5793 Ἀλλ’
1621 5739 1801 5809 ἑτέρα,

230 5826 418 5895 φησὶν,
448 5825 600 5879 ἔσται
634 5827 664 5898 ἡ
699 5827 825 5893 δόξα
849 5828 956 5882 τῶν
1004 5831 1361 5900 ἐπουρανίων,
1398 5833 1560 5902 ἑτέρα
1606 5833 1659 5885 δὲ
1694 5833 1801 5886 τῶν

1917 4650 2080 4704 quam
2099 4637 2348 4705 exemplo
2367 4653 2500 4692 usus
2521 4638 2727 4692 esthoc
2757 4653 3032 4701 sermone,
3059 4653 3124 4693 ac
3159 4640 3204 4694 si
3226 4638 3491 4694 dixisset:

1915 4728 2386 4794 Quemadmodum
2417 4730 2506 4784 hic
2536 4729 2845 4783 dillerentia
2878 4738 2960 4782 est
2993 4729 3279 4784 hominum
3311 4737 3366 4783 et
3393 4745 3491 4800 pe-

1919 4837 2107 4873 corum
2149 4835 2212 4874 ac
2267 4822 2528 4890 piscium,
2564 4823 2637 4874 ita
2669 4825 2774 4875 erit
2808 4831 2864 4876 et
2892 4823 2962 4874 ibi
3013 4822 3319 4876 tliﬂerentia
3355 4823 3495 4878 inter

1920 4914 2074 4982 ipsos
2105 4928 2326 4982 quoque
2379 4925 2698 4982 peccatores
2732 4915 2786 4967 in
2825 4914 3134 4983 suppliciis.
3182 4933 3200 4965 ι
3246 4914 3353 4968 Sed
3387 4916 3490 4967 alia

1915 5007 2134 5077 quidem
2159 5007 2438 5061 hominum
2479 5008 2675 5078 gloria.
2719 5027 2738 5058 ι
2779 5007 3049 5064 Universa
3084 5009 3196 5062 lucc
3233 5007 3492 5062 differen-

1915 5101 2012 5158 tia.
2047 5099 2114 5152 de.
2146 5101 2531 5168 peccatoribus
2569 5102 2638 5155 ab
2667 5117 2731 5154 eo
2755 5101 2904 5155 dicta
2938 5111 3042 5154 est.
3074 5099 3210 5154 Nam
3242 5102 3491 5170 dejustis

1915 5194 1989 5246 ibi
2032 5195 2161 5246 facit
2206 5193 2589 5257 differentiam,
2634 5195 2723 5247 ubi
2774 5194 3025 5248 coelestia
3065 5205 3312 5248 recenset
3369 5209 3490 5248 cor-

1916 5299 2070 5353 pora.
2111 5303 2128 5335 ι
2167 5283 2234 5337 Et
2268 5293 2396 5340 sunt
2422 5299 2657 5354 corpora
2706 5286 2974 5339 cmlestia.
3017 5303 3036 5336 ›
3079 5284 3323 5354 Denique
3357 5301 3487 5338 num

1920 5377 1985 5430 ad
2013 5375 2377 5431 diﬂerentiam
2418 5383 2772 5443 peccatorum
2830 5375 3099 5430 duntaxat
3145 5377 3490 5443 protenditur

1923 5468 2294 5523 resurrectio?
2321 5467 2482 5537 572
2515 5467 2894 5538 Nequaquam.
2933 5468 3073 5520 Sunt
3106 5468 3252 5520 enim
3288 5475 3342 5520 et
3365 5481 3492 5522 cor-

1921 5573 2050 5627 pora
2078 5557 2345 5622 caelestia,
2385 5558 2436 5612 id
2489 5567 2598 5622 est,
2641 5555 2945 5626 justorum,
2997 5557 3331 5609 abundantia
3367 5555 3489 5609 luce

1914 5650 2203 5705 Paracleli.
2239 5648 2381 5705 Sunt
2414 5660 2594 5706 autetn
2630 5658 2683 5703 et
2711 5648 2995 5704 terrestria
3053 5661 3207 5710 sane,
3244 5646 3348 5700 hoc
3377 5657 3484 5712 est,

1923 5753 2308 5814 peccatorum,
2361 5743 2619 5812 insignita
2660 5741 2918 5796 sensibus
2961 5739 3221 5803 terrenis,
3291 5751 3488 5807 nempe

1920 5851 2175 5902 pecorum
2209 5845 2299 5890 aut
2347 5836 2651 5889 volucrum.
2689 5833 2793 5889 Sed
2839 5834 2945 5888 alia
2975 5842 3082 5901 est,
3129 5831 3329 5903 inquit,
3366 5830 3490 5902 διο-ι
