4204 6464
727 396 832 457 883

728 519 807 566 ria
861 504 1190 577 ccclesunin,
1250 513 1357 567 alia
1433 529 1563 569 vero
1641 512 2014 576 terrestrium,

723 614 907 657 torum
974 620 1081 659 non
1148 606 1254 659 erit
1315 604 1510 673 gloria.
1568 603 1703 658 Nam
1762 604 1816 658 in
1877 619 1944 659 co
1996 603 2138 674 quod
2203 603 2291 657 di-

721 696 869 749 citur
919 696 1025 749 alia
1077 712 1199 751 esse
1237 696 1413 765 gloria
1460 682 1740 766 iustorum
1793 706 1847 750 et
1893 696 1995 750 alia
2035 703 2294 764 peccato-

722 803 865 849 rmn,
890 802 997 839 nou
1021 786 1319 842 subaudies
1350 788 1541 857 gloria,
1590 787 1686 841 sed
1730 789 1857 852 vita,
1896 799 1987 841 aut
2014 804 2292 842 conversa-

722 879 813 931 tio.
848 877 1048 931 Deinde
1078 879 1212 932 dicit
1242 889 1296 934 et
1321 880 1597 948 justorum
1627 879 2181 944 diﬂ'erentiam,sicut
2210 871 2291 932 vi-

728 971 915 1022 Jelicet
946 971 1109 1039 paulo
1141 979 1268 1025 ante
1318 971 1456 1024 dixit
1501 980 1873 1041 peccatorum.
1923 970 2291 1037 Quemadmo-

718 1056 844 1109 dum
877 1059 1021 1110 enim
1043 1060 1295 1113 universa
1321 1075 1554 1129 corpora
1578 1061 1841 1124 caelestia,
1870 1062 2050 1113 omnia
2070 1060 2287 1129 quidem

717 1149 1004 1216 splendida
1036 1158 1165 1204 sunt
1214 1166 1278 1205 ac
1313 1154 1629 1221 perspicua,
1667 1160 1753 1207 est
1812 1161 1993 1205 tamen
2049 1151 2104 1204 in
2155 1151 2291 1220 ipsis

713 1243 878 1295 ctiam
910 1241 1218 1297 differentia
1262 1245 1402 1298 inter
1435 1245 1629 1307 solem,
1689 1246 1874 1297 lunam
1935 1257 2000 1296 ac
2052 1244 2287 1299 stellas:

715 1331 788 1382 ita
821 1331 1031 1398 etjusti
1078 1332 1353 1387 habebunt
1381 1334 1521 1389 inter
1562 1350 1621 1388 se
1661 1343 1852 1388 mutuo
1896 1333 2284 1391 diﬂ‘erentiam.

714 1419 849 1474 Vide
888 1433 1071 1476 autem
1104 1440 1264 1493 quam
1313 1426 1452 1479 scite
1484 1440 1579 1495 per
1614 1427 1836 1481 modum
1886 1425 2121 1494 exempli
2172 1434 2285 1480 tota

714 1516 959 1571 scientia:
990 1517 1346 1586 intelligentia
1397 1534 1534 1573 usus
1574 1519 1666 1572 sit.
1710 1519 1783 1572 De
1825 1518 1997 1588 gloria
2039 1517 2289 1587 veroju-

714 1614 924 1661 storum
966 1622 1027 1661 ac
1089 1617 1441 1677 peccatorum
1495 1625 1606 1664 non
1662 1624 1757 1679 per
1813 1610 2283 1680 comparationem

714 1700 863 1766 fecit,
919 1700 1013 1755 sed
1076 1702 1379 1757 ostendens
1429 1710 1780 1773 peccatorum
1836 1717 1945 1757 non
1998 1716 2120 1757 esse
2169 1701 2290 1771 glo-

714 1808 871 1846 nam.

784 1926 902 1989 XV,
924 1926 1117 1982 42-56.
1142 1927 1231 1982 Ita
1254 1938 1301 1983 et
1325 1931 1638 1983 resurrectio
1658 1945 2010 1983 mortuorum.
2040 1927 2283 1984 Semina-

715 2028 798 2071 tur
823 2020 877 2072 iu
925 2024 1281 2089 corruptione,
1317 2024 1608 2076 suscitatur
1643 2024 1699 2076 in
1741 2023 2285 2089 incorruptibilitate:

714 2111 1004 2164 seminatur
1035 2114 1086 2164 in
1118 2112 1429 2180 ignominia,
1464 2114 1755 2165 suscitatur
1792 2115 1844 2166 in
1881 2113 2089 2180 gloria:
2126 2114 2286 2167 semi-

714 2213 875 2255 natur
898 2205 949 2255 in
986 2205 1314 2269 infirmitate,
1338 2209 1630 2259 suscitatur
1659 2208 1711 2258 in
1735 2209 1969 2275 potentia
2002 2224 2035 2260 ε-
2054 2209 2282 2260 semina-

717 2303 803 2345 tur
832 2309 1017 2360 corpus
1050 2296 1300 2357 animale,
1328 2298 1618 2350 suscitatur
1644 2314 1833 2367 corpus
1862 2296 2161 2365 spirituale.
2191 2296 2286 2349 Est

714 2403 898 2455 corpus
936 2389 1182 2451 animale,
1219 2400 1295 2442 es!
1324 2399 1370 2441 et
1402 2406 1588 2454 corpus
1616 2392 1915 2459 spirituale.
1963 2389 2051 2443 Ita
2085 2404 2287 2459 quoque

713 2476 965 2542 scriptum
1015 2487 1130 2530 est:
1191 2474 1390 2530 Factus
1444 2487 1520 2530 est
1558 2481 1758 2543 primus
1802 2478 1956 2531 homo
2010 2478 2181 2530 Adam
2232 2477 2285 2529 in

714 2568 944 2619 animam
975 2571 1243 2630 viventem,
1277 2581 1540 2621 extremus
1568 2569 1736 2621 Adam
1768 2570 1821 2621 in
1862 2569 2108 2635 spiritum
2157 2568 2285 2621 viui-

716 2658 981 2723 ficantem.
1020 2660 1086 2711 At
1127 2677 1229 2713 non
1258 2661 1487 2725 primum
1524 2660 1661 2729 quod
1709 2661 2007 2730 spirituale,
2038 2657 2128 2712 sed
2149 2660 2286 2729 quod

715 2753 965 2813 animale,
1003 2752 1188 2805 deinde
1210 2754 1347 2821 quod
1372 2754 1669 2821 spirituale.

793 2885 810 2916 ι
846 2867 923 2920 lta
949 2878 1005 2922 et
1030 2870 1381 2922 resurrectio.
1424 2888 1441 2919 ι
1483 2870 1579 2929 lta,
1628 2866 1946 2934 quomodo?
1989 2866 2046 2919 In
2090 2881 2287 2935 magna

719 2963 1003 3022 varietate,
1036 2960 1497 3030 quemadmodum
1537 2960 1699 3013 etiam
1739 2956 2159 3011 manifestarunt
2190 2958 2287 3009 ad-

716 3054 877 3105 ducta
911 3053 1177 3121 exempla.
1216 3071 1234 3103 ι
1296 3051 1612 3117 Setninatur
1661 3052 1713 3105 iu
1759 3050 2134 3119 corruptione.
2170 3067 2190 3100 ι
2229 3050 2287 3102 1η

716 3146 1093 3214 superioribus
1117 3145 1345 3214 loquens
1367 3145 1434 3198 de
1466 3144 1789 3206 seminibus,
1821 3158 1950 3197 usus
1979 3152 2063 3196 est
2095 3142 2287 3194 dit-tio-

719 3239 878 3291 ttiitllS
920 3252 1041 3304 quae
1074 3238 1393 3305 corporibus
1426 3245 1679 3304 aptantur
1716 3252 1727 3286 :
1763 3244 1820 3288 ut
1849 3250 1972 3286 cum
2031 3234 2235 3286 diceret
2271 3250 2284 3284 :

722 3351 739 3379 ι
783 3326 900 3381 Non
938 3326 1245 3381 viviﬁcatur
1269 3327 1373 3380 nisi
1412 3336 1683 3379 mortuum
1717 3325 1916 3388 fuerit;
1959 3342 1976 3374 ι
2009 3337 2157 3377 nunc
2193 3336 2288 3375 au-

718 3428 826 3471 tem
862 3419 924 3470 de
954 3418 1281 3486 corporibus
1313 3418 1566 3486 loquens,
1588 3417 1767 3471 utitur
1792 3415 2130 3469 dictionibus
2160 3428 2284 3483 quae

719 3520 979 3579 aptantur
1028 3509 1357 3573 seminibus,
1403 3508 1590 3562 dicens
1626 3524 1640 3563 :
1675 3528 1692 3559 ι
1739 3507 2052 3561 Seminatur
2085 3506 2140 3559 in
2168 3519 2291 3558 cor-

719 3603 991 3672 ruptione.
1035 3618 1053 3651 »
1090 3600 1203 3653 Hoc
1228 3609 1407 3653 autem
1440 3600 1641 3668 ubique
1682 3599 1834 3661 facit,
1889 3596 2155 3665 exemplis
2191 3593 2288 3647 ad-

717 3705 917 3763 aptatis
950 3707 1257 3747 sermonem
1295 3693 1361 3745 de
1403 3691 1822 3745 resurrectione.
1852 3690 2050 3744 Semen
2103 3695 2286 3740 autem

719 3788 852 3841 dicit
892 3804 1056 3849 nunc,
1092 3802 1197 3839 non
1236 3785 1462 3854 quodin
1510 3792 1665 3836 utero
1703 3791 1806 3846 est,
1841 3782 1935 3836 sed
1988 3780 2289 3849 depositio-

724 3897 841 3933 nem
880 3894 1175 3948 corporum
1220 3885 1561 3930 mortuorum
1589 3876 1640 3928 in
1670 3885 1839 3936 terra,
1869 3888 1932 3926 ac
1965 3874 2009 3927 si
2045 3874 2289 3925 diceret:

720 3973 984 4039 Ahjicilur
1012 3973 1063 4024 in
1087 3981 1227 4023 terra
1252 3984 1454 4037 corpus
1477 3976 1749 4022 mortuum
1781 3966 1833 4018 iu
1859 3965 2287 4033 corruptionem,

723 4068 822 4118 hoc
849 4074 953 4127 est,
986 4074 1043 4115 ut
1074 4070 1480 4131 corrumpatur.

790 4178 951 4247 573
974 4177 1114 4229 Bene
1146 4186 1327 4228 autem
1366 4174 1496 4228 dicit
1532 4191 1544 4226 :
1584 4191 1602 4223 ι
1642 4172 1974 4233 Suscitatur,
2008 4190 2039 4222 ι
2064 4179 2116 4225 et
2158 4186 2289 4237 non,

721 4271 1071 4333 Producitur,
1121 4284 1188 4323 ne
1221 4277 1379 4321 terra:
1410 4268 1782 4336 operationem
1819 4280 1943 4320 esse
1982 4265 2287 4319 existimes.

727 4383 743 4412 ι
784 4364 1098 4415 Semiuatur
1142 4360 1194 4412 in
1228 4357 1540 4428 ignominia.
1585 4375 1603 4407 ι
1640 4356 1778 4421 Quid
1815 4358 1959 4410 enim
2018 4356 2292 4410 dillluente

722 4456 989 4507 cadavere
1047 4449 1391 4505 deformius?
1463 4448 1559 4503 sed
1626 4447 1925 4503 suscitatur
1989 4448 2043 4500 in
2119 4446 2292 4514 gloria

1778 396 2179 458 (ECUMENII
2215 396 2505 456 TRICC/E
2543 398 2885 461 EPISCOPI

3877 406 3985 468 884

2101 524 2297 582 pecca-
2327 511 2379 573 Α
2406 514 2670 583 ἐπιγείων
2695 515 3058 587 ἁμαρτωλῶν,
3087 520 3189 572 οὐκ
3223 516 3375 572 ἔσται
3405 518 3642 587 δόξα.οὖ
3676 519 3785 593 γὰρ
3820 521 3985 573 τοῦτο

2400 606 2859 671 συνυπακούσεις,
2903 607 2960 659 tv
3004 607 3084 680 τῷ
3121 608 3301 661 εἰπεῖν
3331 609 3457 674 δόξα
3485 610 3594 663 τῶν
3628 610 3855 664 δικαίων
3887 612 3985 663 καὶ

2398 696 2562 767 ἑτέρα
2582 698 2690 750 τῶν
2712 698 3080 768 ἁμαρτωλῶν,
3098 700 3218 753 ἀντὶ
3237 700 3354 765 τοῦ,
3379 702 3481 754 οὐκ
3502 702 3616 755 ἔστι
3642 702 3820 766 δόξα,
3842 702 3984 755 ἀλλά

2395 788 2675 859 διαγωγή.
2743 788 2875 845 Εἶτα
2926 792 3075 859 λέγει
3116 794 3211 846 καὶ
3267 794 3377 846 τῶν
3429 793 3656 849 δικαίων
3685 795 3980 865 διαφορὰν,

2396 877 2588 951 ὥσπερ
2626 881 2818 952 ἀμέλει
2852 881 3049 952 μικρὸν
3083 882 3397 954 ἔμπροσθεν
3426 879 3547 936 εἶπε
3577 884 3683 937 τῶν
3713 885 3981 953 ἀμαρτω-

2394 971 2522 1025 λῶν.
2562 972 2775 1042 Ὠσπερ
2804 973 2915 1044 γὰρ
2948 972 3178 1044 λαμπρὰ
3222 974 3319 1044 μὲν
3349 975 3527 1029 πάντα
3561 974 3655 1027 καὶ
3694 972 3982 1043 περιφανῆ

2393 1066 2463 1119 τὰ
2493 1066 2719 1137 οὐράνια
2756 1064 3003 1135 σώματα,
3031 1066 3146 1118 ἐστι
3183 1066 3226 1119 δ’
3256 1067 3403 1135 ὅμως
3435 1067 3527 1118 καὶ
3561 1069 3617 1119 tv
3647 1066 3831 1127 αὐτοῖς
3860 1067 3981 1118 διι-

2394 1159 2538 1228 φορά
2568 1158 2705 1227 ἡλίῳ
2758 1157 2856 1211 καὶ
2904 1158 3123 1230 σελήνῃ.
3148 1158 3243 1210 καὶ
3280 1158 3546 1228 ἀστρισιν
3570 1173 3585 1187 ·
3622 1154 3769 1209 οὕτω
3800 1156 3896 1209 καὶ
3926 1157 3976 1208 οἱ

2392 1249 2588 1302 δίκαιοι
2630 1249 2844 1315 ἕξουσιν
2902 1252 2959 1301 tv
2994 1250 3207 1311 ἑαυτοῖς
3255 1248 3541 1318 διαφοράν.
3572 1248 3715 1318 Ὅρα
3764 1248 3823 1300 δὲ
3854 1247 3974 1309 πῶς

2391 1342 2607 1411 εὐφυῶς
2660 1343 2716 1394 tv
2754 1340 2905 1405 τάξει
2951 1340 3394 1411 παραδείγματος
3451 1339 3559 1411 ὅλῳ
3608 1338 3685 1409 τῷ
3737 1339 3979 1407 νοήματι

2390 1433 2679 1502 ἐπεξῆλθε.
2714 1434 2853 1502 Περὶ
2897 1432 2954 1485 δὲ
2986 1431 3143 1502 δόξης
3175 1432 3283 1485 τῶν
3317 1431 3542 1485 δικαίων
3578 1433 3673 1486 καὶ
3712 1432 3980 1501 ἀμαρτω-

2389 1523 2518 1590 λῶν,
2551 1524 2652 1578 οὐκ
2704 1525 2763 1577 tv
2811 1523 3098 1593 συγκρίσει
3150 1522 3470 1593 ἐποιήσατο,
3510 1519 3649 1575 ἀλλά
3682 1519 3867 1590 δείξας
3902 1519 3981 1588 μὴ

2390 1612 2531 1671 εἶναι
2561 1617 2720 1683 δόξαν
2750 1620 2858 1669 τῶν
2894 1613 3258 1685 ἁμαρτωλῶν.

2465 1927 2662 1993 Οὕτως
2692 1927 2789 1980 καί
2818 1927 2857 1992 ἡ
2881 1926 3219 1991 ἀνάστασις
3248 1923 3366 1979 τῶν
3388 1922 3639 1992 νεκρῶν.
3665 1922 3982 1988 Excipe-tat

2388 2021 2452 2073 ἐν
2473 2019 2687 2089 φθορᾷ,
2732 2020 3016 2089 ἐγείρεται
3065 2020 3134 2072 ἐν
3180 2019 3505 2087 ἀφθαρσίᾳ.
3552 2017 3863 2084 Eae/petat
3910 2014 3982 2066 ἐν

2388 2112 2609 2180 ἀτιμίῃ,
2644 2112 2929 2181 ἐγείρεται
2948 2114 3019 2166 ἐν
3043 2111 3213 2181 δόξῃ.
3237 2113 3543 2179 Σπείρεται
3568 2110 3640 2163 ἐν
3662 2108 3976 2172 ἀσθενείᾳ,

2388 2205 2671 2273 ἐγείρεται
2700 2204 2768 2256 ἐν
2797 2204 3070 2273 δυνάμει.
3122 2205 3433 2271 Σπείρεται
3467 2201 3640 2270 σῶμα
3681 2198 3977 2269 ψυχικὸν,

2388 2297 2672 2366 ἐγείρεται
2690 2296 2861 2365 σῶμα
2876 2297 3298 2366 πνευματικόν.
3310 2296 3480 2350 Ἔστι
3495 2291 3666 2362 σῶμα
3682 2290 3977 2361 ψυχικὸν,

2389 2390 2488 2443 καί
2515 2390 2648 2443 ἐστι
2665 2389 2836 2458 σῶμα
2856 2388 3493 2457 πνευματικόν.οὐτως
3507 2385 3604 2440 καί
3624 2384 3976 2453 τέτραπται·

2401 2485 2673 2551 Ἐγένετο
2706 2488 2738 2537 ό
2777 2481 3008 2551 πρῶτος
3042 2481 3353 2551 ἅνθρωπος
3389 2479 3571 2548 Ἀδὰμ
3613 2480 3701 2542 είς
3756 2474 3979 2544 ψυχὴν

2390 2573 2609 2641 ζῶσαν,
2642 2579 2673 2629 ό
2696 2576 2958 2643 ἔσχατος
3002 2575 3199 2643 Ἀδὰμ,
3228 2574 3314 2638 είς
3338 2572 3573 2640 πνεῦμα
3625 2564 3975 2629 ζωοποιοῦν.

2403 2667 2558 2722 Ἀλλ’
2591 2668 2663 2721 οὐ
2690 2664 2927 2734 πρῶτον
2961 2666 3028 2719 τὸ
3062 2663 3491 2733 πνευματικὸν,
3550 2658 3717 2715 ἀλλὰ
3763 2656 3833 2712 τὸ
3852 2659 3978 2726 ψυ-

2391 2760 2592 2830 χικὸν,
2646 2759 2851 2812 ἔπειτα
2893 2759 2960 2810 τὸ
2993 2758 3421 2825 πνευματικόν.

2467 2895 2487 2926 ι
2526 2875 2712 2937 Οὕτως
2770 2873 2861 2926 καὶ
2924 2874 2957 2943 ἠ
2998 2871 3317 2935 ἀνάστασις.
3362 2888 3380 2922 ι
3416 2868 3624 2930 Οὕτως.
3674 2864 3842 2927 Πῶςς
3885 2860 3976 2914 Ἑν

2391 2968 2628 3038 διαφορᾷ
2662 2966 2858 3033 πολλῇ,
2897 2964 3082 3027 καθὼς
3105 2963 3200 3017 καὶ⁵
3229 2964 3298 3017 τὰ
3332 2961 3687 3033 παραχθέντα
3730 2955 3974 3026 ἐδήλωσε

2396 3060 2840 3131 παραδείγματα.
2892 3076 2910 3107 ι
2940 3058 3229 3127 Σπείρεται
3262 3057 3319 3108 ὲν
3349 3053 3546 3124 φθορᾷ.
3587 3070 3604 3103 ι
3654 3052 3804 3103 ’Δνω
3843 3046 3977 3117 περὶ

2398 3150 2730 3223 σπερμάτων
2758 3149 2955 3217 λέγων,
2982 3147 3192 3214 λέξεσιν
3250 3146 3450 3216 ἐχρῆτο
3484 3141 3699 3212 σώμασι
3736 3154 3978 3207 πεποιη-

2397 3246 2611 3315 μέναις,
2640 3242 2715 3305 ὡς
2770 3242 2899 3296 ὅταν
2952 3239 3164 3305 ἔλεγεν.
3201 3255 3218 3288 ι
3252 3236 3328 3288 Οὐ
3360 3234 3727 3299 ζωοποιεῖται,
3759 3230 3859 3282 ὲάν
3897 3224 3979 3296 μὴ

2392 3335 2662 3405 ἀποθάνῃ,
2700 3351 2720 3385 ι
2749 3331 2845 3385 νῦν
2867 3332 2925 3386 δὲ
2956 3330 3085 3399 περὶ
3111 3327 3379 3397 σωμάτων
3406 3325 3602 3393 λέγων,
3625 3322 3806 3387 λέξεσι
3838 3318 3978 3389 χρῆ-

2393 3443 2484 3479 ται
2534 3424 2812 3493 σπέρματι
2876 3419 3300 3488 πεποιημέναις.
3347 3435 3366 3467 ι
3404 3413 3697 3485 Σπείρεται
3748 3411 3861 3480 γὰρ
3918 3410 3977 3460 tv

2396 3517 2592 3585 φθορᾷ.
2629 3532 2649 3567 ι
2677 3513 2851 3567 Τοῦτο
2880 3512 2936 3565 δὲ
2953 3512 3098 3564 ποιεῖ
3123 3507 3423 3578 πανταχοῦ,
3448 3505 3617 3574 ἔγγὺς
3652 3503 3758 3556 τῶν
3789 3517 3979 3570 παρα-

2392 3607 2704 3678 δειγμάτων
2743 3606 2894 3673 ἀγων
2934 3604 3024 3656 τὸν
3076 3603 3203 3667 περὶ
3256 3602 3354 3670 τῆς
3389 3598 3742 3657 ἀναστάσεως
3788 3593 3974 3658 λόγον.

2395 3700 2611 3770 Σπορὰν
2640 3699 2719 3763 δὲ,
2754 3698 2814 3749 οὑ
2844 3696 2993 3763 λέγει
3028 3693 3124 3745 νῦν
3151 3692 3252 3763 τὴν
3299 3693 3356 3743 tv
3394 3690 3603 3759 μήτρα,
3627 3686 3763 3739 ἀλλά
3787 3685 3889 3752 τὴν
3918 3686 3977 3736 tv

2394 3795 2465 3862 γῇ
2524 3790 2633 3841 τῶν
2691 3787 2900 3856 νεκρῶν
2955 3785 3225 3854 σωμάτων
3272 3779 3557 3843 ἀπόθεσιν,
3584 3777 3658 3838 ὼς
3696 3778 3745 3827 εἰ
3778 3776 3977 3841 ἔλεγεο

2396 3880 2815 3937 Καταόἀλλεται
2839 3879 2895 3930 tv
2921 3879 2990 3945 γῇ
3023 3876 3080 3927 τὸ
3108 3874 3299 3945 νεκρὸν
3326 3872 3483 3942 σῶμα
3508 3871 3567 3921 tv
3597 3868 3792 3937 φθορᾷ,
3819 3883 3981 3919 τουτ-

2395 3977 2564 4043 έστιν,
2607 3975 2701 4027 ἐπὶ
2744 3970 2824 4041 τῷ
2865 3970 3159 4039 φθαρῆναι.

2466 4172 2661 4233 Καλῶς
2682 4168 2737 4221 δὲ
2769 4163 2940 4229 εἶπεν,
2971 4183 2989 4216 ι
3038 4164 3370 4234 Ἐγείρεται,
3413 4181 3431 4214 ι
3492 4162 3586 4215 καὶ
3615 4162 3698 4221 οὐ,
3747 4160 3977 4225 Φύετιι,

2395 4270 2483 4321 ἵνα
2515 4266 2590 4336 μὴ
2620 4262 2875 4333 νομίσῃς,
2904 4260 3001 4328 τῆς
3024 4258 3129 4326 γῆς
3164 4253 3303 4309 εἶναι
3337 4255 3435 4325 τὴν
3468 4253 3754 4324 ἐργασίαν.
3784 4251 3982 4303 «Σπεί-

2399 4375 2552 4430 ρεται
2581 4357 2638 4408 ὲν
2665 4352 2863 4422 ἀτιμίᾳ
2907 4370 2924 4401 ι
2965 4350 3029 4401 Τί
3084 4350 3192 4417 γὰρ
3244 4346 3439 4417 νεκροῦ
3489 4347 3834 4417 διαρρέοντος
3864 4344 3979 4394 εἱδ-

2402 4448 2728 4518 εχθέστερον
2759 4459 2773 4507 ;
2805 4441 2921 4495 ἀλλ’
2951 4440 3225 4509 ἐγείρεται
3258 4440 3316 4490 tv
3362 4437 3491 4508 δόξῃ
3516 4439 3614 4504 τῆς
3645 4434 3981 4502 ἀφθαρσίας.

728 4542 1184 4611 incorruptionis.
1240 4558 1260 4591 ι
1323 4540 1636 4594 Seminatur
1673 4539 1724 4591 in
1776 4538 2114 4591 inlirntitate.
2158 4555 2175 4587 ι
2209 4536 2290 4587 Si-

2408 4559 2424 4592 t
2471 4538 2785 4607 Σπείρεται,
2822 4534 3011 4603 φησὶν,
3044 4534 3101 4583 tv
3123 4529 3400 4598 ἀσθενείᾳ·
3439 4546 3457 4579 ι
3505 4528 3659 4580 οὔπω
3707 4526 3818 4595 γὰρ
3841 4526 3985 4593 sps-

723 4639 943 4706 quidem
982 4650 1088 4694 non
1118 4640 1299 4701 potest
1336 4647 1465 4686 caro
1493 4632 1575 4685 vel
1614 4630 1680 4684 ad
1731 4631 1973 4698 quinque
2001 4628 2118 4683 dies
2149 4628 2291 4681 resi-

722 4740 866 4782 stere
922 4723 1304 4792 corruptioni:
1350 4722 1447 4777 sed
1486 4720 1791 4776 suscitatur
1823 4721 1876 4773 in
1929 4718 2169 4786 potentia
2204 4719 2287 4770 in-

724 4814 1097 4882 vorruptionis
1154 4819 1208 4865 et
1280 4811 1714 4864 immortalitatis
1757 4822 1879 4877 quae
1947 4807 2211 4874 deinceps
2262 4820 2292 4858 a

726 4908 876 4963 nulla
922 4906 1272 4973 corruptione
1326 4903 1502 4972 possit
1557 4903 1828 4971 superari.
1905 4918 1923 4951 ι
1976 4900 2293 4954 Seminatur

725 5013 925 5068 torpus
974 4998 1230 5051 animule.
1298 5014 1314 5046 ι
1371 4996 1585 5063 Corpus
1634 4992 1771 5047 dicit
1827 4992 2067 5047 animale
2096 4993 2148 5044 in
2184 5006 2294 5063 quo

726 5094 906 5146 anima
943 5088 1248 5144 dominium
1270 5087 1431 5141 habet
1458 5101 1523 5140 ac
1550 5085 1957 5154 prtesidentiam
1993 5102 2005 5136 :
2032 5085 2295 5153 spiritua-

729 5186 777 5239 le
794 5199 924 5238 vero
956 5181 1099 5250 quod
1143 5180 1380 5246 Spiritus
1411 5178 1589 5232 saucti
1637 5176 1960 5245 operatione
1989 5175 2289 5245 locupleta-

729 5288 835 5330 tur.
890 5277 1028 5340 Quid
1081 5271 1278 5342 igitur?
1339 5271 1546 5324 diceret
1609 5268 1843 5336 aliquis;
1877 5282 1945 5319 an
1989 5282 2096 5320 non
2128 5267 2293 5321 etiam

730 5382 875 5422 nunc
920 5366 973 5418 in
1039 5362 1369 5433 quibusdam
1428 5368 1690 5428 Operatur
1750 5358 2018 5426 spiritus?
2072 5356 2293 5426 Utique,

732 5464 825 5517 sed
854 5476 1003 5515 nunc
1037 5459 1255 5526 quidem
1286 5456 1356 5509 ob
1391 5453 1516 5506 vitae
1542 5451 1898 5504 mutationem
1932 5448 2130 5517 saepius
2156 5462 2297 5517 quo-

734 5571 838 5624 que
879 5553 1083 5610 avolat.
1124 5558 1254 5602 tunc
1291 5560 1421 5600 vero
1454 5557 1669 5612 semper
1715 5543 1890 5596 adest.
1926 5541 2031 5595 Aut
2062 5540 2298 5595 animale

733 5647 865 5699 dicit
901 5652 1179 5697 terrenum
1221 5653 1286 5693 ac
1317 5653 1503 5706 grave,
1534 5635 1821 5706 spirituale
1840 5651 1971 5688 vero
2000 5637 2198 5691 subtile
2232 5650 2296 5689 ac

731 5737 868 5789 leve.
897 5761 966 5775 --
989 5733 1203 5801 Corpus
1244 5728 1484 5784 animale
1540 5730 1585 5783 si
1637 5726 1764 5797 quis
1799 5739 2200 5797 consequenter
2230 5727 2296 5782 ad

728 5842 791 5881 ea
846 5838 964 5893 quae
1018 5822 1281 5892 praedicta
1352 5827 1481 5875 sunt
1536 5816 1648 5872 haec
1695 5816 1944 5887 accipere
1992 5818 2140 5885 velit,
2165 5818 2296 5873 illud

2407 4650 2497 4703 ραι
2553 4630 2716 4685 πέντε
2770 4628 2864 4679 καὶ
2929 4625 3029 4677 οὐκ
3071 4622 3247 4691 ἰσχύει
3282 4623 3317 4692 ἡ
3351 4619 3490 4690 σὰρξ
3513 4619 3789 4687 ἀντισχεῖν
3841 4618 3984 4686 πρὸς

2402 4724 2503 4793 τὴν
2567 4719 2797 4789 φθορὰν,
2849 4716 2962 4769 ἀλλ’
3014 4714 3288 4782 ὶγείρεται
3336 4713 3394 4765 tv
3446 4713 3512 4780 τῇ
3540 4710 3640 4776 τῆς
3666 4709 3986 4778 ἀφθαρσίας

2400 4814 2647 4882 δυνάμει,
2661 4808 2931 4868 ἀνάλωτος
2948 4803 3275 4860 οὗσαλοιπδν
3287 4806 3435 4875 πάσῃ
3454 4804 3675 4871 φθορᾷ.ι
3688 4801 3987 4871 Σπείρεται

2403 4907 2562 4974 σῶμα
2574 4901 2823 4973 ψυχικόν.
2838 4898 3109 4970 »Ψυχικόν
3126 4914 3259 4966 φησι
3279 4895 3456 4962 σῶμα,
3472 4896 3529 4946 tv
3542 4886 3586 4961 ᾧ
3604 4895 3636 4962 ἠ
3656 4891 3803 4961 ψυχὴ
3819 4892 3879 4942 τδ
3891 4890 3990 4943 κῦ-

2405 5016 2501 5070 ρος
2535 4998 2629 5050 καὶ
2654 4997 2751 5064 τὴν
2783 4992 3080 5064 ἠγεμονίαν
3109 4990 3221 5060 ἔχει
3239 5006 3254 5023 ο
3281 4987 3654 5056 πνευματικὸν
3685 4985 3763 5045 Et.
3797 4984 3862 5036 τὸ
3888 4985 3990 5052 τὴν

2402 5087 2495 5141 τοῦ
2514 5085 2670 5153 ἀγίου
2698 5082 3015 5151 Πνεύματος
3035 5077 3448 5133 καταπλουτοῦν
3464 5076 3770 5144 ἐνέργειαν.
3795 5072 3863 5124 Τί
3877 5072 3990 5139 γὰρ

2404 5178 2520 5240 νῦν,
2552 5175 2693 5228 εἴποι
2730 5190 2815 5235 τις
2851 5172 2938 5235 ἂν,
2983 5171 3081 5223 οὐκ
3107 5171 3322 5239 ἐνεργεῖ
3350 5168 3405 5221 έν
3436 5183 3547 5219 τισι
3593 5165 3653 5217 τὸ
3708 5163 3940 5232 Πνεῦμα
3970 5179 3985 5227 ;

2402 5271 2533 5333 Nat,
2578 5267 2712 5320 ἀλλὰ
2758 5264 2854 5316 νῦν
2887 5263 2986 5332 μὲν
3040 5262 3303 5323 πολλάκις
3346 5260 3440 5313 καὶ
3473 5259 3777 5327 ἀφίπταται
3814 5273 3986 5322 μετα-

2406 5359 2698 5429 ϐληθέντος
2738 5356 2830 5408 τοῦ
2870 5354 3012 5424 βίου,
3048 5354 3171 5406 τότε
3219 5352 3277 5405 δὲ
3314 5351 3564 5403 σύνεστιν
3599 5349 3707 5402 ἀεί.
3751 5348 3821 5399 Ἦ
3876 5348 3986 5415 ψυ-

2406 5451 2557 5522 χικὸν
2586 5448 2755 5514 λέγει,
2780 5445 2841 5498 τὸ
2868 5445 3067 5513 γεῶδες
3090 5445 3185 5497 καὶ
3208 5442 3369 5513 βαρὺ,
3421 5440 3793 5508 πνευματικὸν
3818 5439 3900 5502 δὲ,
3927 5440 3990 5491 τὺ

2406 5537 2905 5608 λεπτομερέστερον
2936 5537 3031 5588 καὶ
3060 5534 3282 5602 κοῦφον.
3323 5563 3392 5574 -
3425 5530 3628 5605 [ΦΩΤ.]
3676 5531 3847 5600 Σῶμα
3878 5530 3987 5597 ψυ-

2407 5636 2583 5705 χικδν,
2616 5633 2668 5685 εί
2689 5649 2774 5695 τις
2796 5630 3104 5690 ἀκολούθως
3126 5630 3239 5689 τοῖς
3277 5626 3699 5697 προειρημένοις
3732 5622 3990 5677 ὲκὶαὸετν

2409 5726 2585 5779 ἐθέλοι
2610 5723 2805 5786 ταῦτα,
2834 5724 3010 5777 έκεῖνο
3042 5716 3201 5790 οἶμαι
3235 5718 3489 5789 εἰρῆσθαι
3518 5717 3614 5770 νῦν
3646 5715 3859 5779 ἁπλῶς,
3926 5714 3993 5767 τὸ

2410 5819 2603 5890 θνητὸν
2659 5816 2948 5887 ἀνθρώπου
3014 5814 3192 5885 σῶμα.
3244 5811 3416 5866 Τοῦτο
3441 5812 3546 5877 γὰο
3599 5811 3691 5862 καὶ
3729 5811 3787 5861 tv
3819 5808 3989 5861 ἀςθε-
