4204 6464
716 393 823 459 887

1784 395 2183 457 (ECUMENII
2212 395 2504 457 TRICCE
2535 397 2882 458 EPISCOPE

3880 391 3992 459 888

720 520 783 553 at:
826 498 1151 570 intelligitur
1206 514 1329 555 esse
1358 499 1524 556 Dens.
1566 498 1960 555 Animadverte
2027 509 2208 555 autem
2245 507 2297 554 et

2404 502 2565 566 αὐτὸς
2596 496 2719 556 εἷπε
2774 500 3059 567 ζωοποιόν.
3094 531 3162 542 -
3189 500 3493 575 [ΜΕΘΟΔ]
3538 503 3706 574 Σῶμα
3764 503 3990 571 λέγεται

719 589 974 657 spiritum
1000 604 1123 644 esse
1155 588 1523 645 vivificantem
1556 607 1570 643 :
1609 603 1849 658 eumque
1877 598 2161 659 expeteret
2184 603 2300 644 ser-

718 683 903 736 monis
928 682 1248 736 consecutio
1280 692 1339 736 ut
1362 682 1575 737 diceret
1610 699 1624 734 :
1664 699 1684 734 ι
1724 681 1779 737 in
1822 682 2080 752 spiritum
2111 683 2301 737 viven-

719 784 886 837 tem,»
914 776 1058 827 sicut
1096 774 1164 829 de
1197 776 1423 829 animali
1456 776 1724 837 dixeram
1762 775 1818 830 ln
1841 776 2075 831 animam
2110 775 2300 829 viven—

718 878 846 932 tem,
889 886 909 920 ι
945 868 1061 938 ipse
1096 870 1239 923 dixit
1272 886 1285 922 :
1328 888 1345 920 σ
1381 868 1789 923 Viviﬁcantem.
1820 888 1843 921 ›
1870 897 1941 910 —-
1966 868 2182 940 Corpus
2212 869 2297 923 di-

715 959 857 1011 citur
910 961 1224 1030 spirituale,
1282 976 1390 1014 non
1425 961 1631 1017 subtile
1680 970 1775 1015 aut
1820 975 2067 1025 aereum,
2131 961 2295 1016 veluti

716 1051 910 1106 dicunt
948 1053 1195 1121 quidam,
1225 1069 1424 1123 nempe
1450 1056 1595 1124 quod
1621 1055 1821 1108 anima:
1842 1054 1951 1109 tale
1982 1070 2182 1124 corpus
2207 1068 2299 1109 ac—

714 1144 919 1212 cipient
967 1145 1019 1197 iu
1070 1148 1506 1209 resurrectione.
1541 1162 1776 1216 quorum
1812 1134 1957 1202 unus
1987 1146 2295 1215 Origenes;

715 1236 808 1289 sed
838 1238 1129 1307 Spiritnale
1151 1240 1362 1294 dicitur
1396 1240 1543 1308 quod
1580 1255 1801 1295 omnem
1851 1240 2087 1310 percipit
2118 1239 2297 1311 Spiri-

714 1337 804 1382 tus
834 1332 1013 1384 sancti
1045 1333 1418 1401 operationem
1453 1345 1517 1385 ae
1541 1330 2023 1401 participationem
2055 1350 2066 1385 :
2098 1347 2298 1402 quem-

713 1420 1015 1475 admodum
1060 1439 1161 1476 vas
1212 1424 1525 1493 appellatur
1583 1424 1861 1479 vinarium
1899 1432 1996 1479 aut
2028 1426 2295 1479 olearium

711 1513 860 1580 quod
897 1514 986 1567 illa
1010 1515 1064 1567 in
1093 1529 1155 1568 se
1189 1516 1409 1586 recipit.
1440 1514 1969 1591 Pariformiterergo
1990 1516 2298 1570 etanimale

710 1606 927 1659 vocavit
969 1606 1117 1674 quod
1161 1621 1258 1676 per
1288 1608 1526 1662 animant
1575 1617 1629 1662 et
1660 1624 1767 1662 non
1794 1624 1891 1679 per
1921 1608 2174 1679 spiritum
2214 1608 2298 1663 in-

713 1694 1020 1751 babitatnr.
1057 1728 1126 1738 —
1153 1700 1273 1753 Atio
1307 1701 1485 1755 modo.
1525 1700 1745 1773 Corpus
1768 1711 2002 1757 vocatur
2036 1701 2297 1769 spiritua-

714 1789 783 1851 le,
818 1790 946 1858 quia
975 1790 1236 1861 deinceps
1290 1794 1674 1864 corruptionis
1730 1793 2069 1863 ponderibus
2112 1792 2297 1861 subje-

715 1891 866 1935 ctum
920 1897 1026 1936 non
1087 1884 1218 1945 erit,
1260 1886 1353 1940 sed
1395 1887 1813 1957 incorruptione
1852 1886 2014 1957 575
2037 1895 2091 1940 et
2120 1885 2297 1954 gloria

712 1982 990 2028 ornatum.
1024 1975 1223 2031 Eadem
1251 1994 1383 2048 ergo
1405 1994 1533 2033 caro
1565 1994 1691 2033 cum
1715 1979 2090 2049 eademligura
2122 1993 2307 2034 rosur-

712 2065 811 2133 git,
834 2082 1055 2121 sensum
1082 2084 1280 2135 gerens
1312 2086 1421 2125 non
1439 2072 1677 2140 amplius
1708 2071 2023 2139 subjectum
2057 2070 2303 2123 alTectio-

711 2159 896 2225 nibus,
915 2162 1009 2215 sed
1032 2164 1259 2230 spiritus
1283 2163 1722 2233 operationibus,
1752 2172 1810 2217 ιιι
1841 2178 1963 2231 qua:
1989 2162 2054 2215 ad
2090 2161 2297 2230 glorio-

712 2252 911 2306 siorem
959 2268 1021 2308 ac
1073 2254 1448 2309 sublimiorem
1490 2255 1776 2312 transierit
1811 2254 2288 2318 constitutionem,

712 2354 772 2398 ttt
828 2347 1034 2402 dictum
1095 2359 1181 2419 est
1227 2368 1241 2403 :
1286 2360 1615 2421 consumpta
1679 2350 1774 2404 vili
1834 2350 2195 2418 corruptione
2262 2361 2291 2399 a

710 2439 1004 2507 splendore
1031 2444 1491 2513 incorruptionis.
1531 2443 1856 2498 «Extremus
1888 2442 2061 2495 Adam
2097 2441 2149 2493 in
2182 2439 2295 2506 spi-

710 2535 877 2587 ritum
938 2535 1330 2591 viviﬁcantem.
1372 2556 1390 2589 ι
1432 2537 1544 2591 lloc
1585 2536 1851 2607 scriptum
1914 2549 2022 2589 non
2069 2542 2169 2597 est,
2196 2529 2290 2584 sed

709 2625 854 2695 quod
913 2630 1277 2696 consequitur
1316 2628 1452 2683 dicit
1502 2638 1761 2698 tanquam
1812 2628 2076 2694 scriptum
2123 2633 2291 2679 esset.

716 2736 735 2767 υ
775 2719 841 2771 At
871 2735 978 2772 non
1015 2722 1252 2789 primum
1286 2722 1432 2790 quod
1465 2722 1777 2790 spirituale.
1820 2738 1839 2770 ›
1871 2717 1976 2772 Sed
1999 2731 2107 2772 non
2140 2716 2293 2783 prius

712 2809 917 2863 factum
941 2819 1025 2867 est
1053 2813 1365 2882 spirituale,
1400 2815 1493 2869 sed
1536 2812 1794 2867 animale.
1838 2810 1975 2865 Nam
2012 2824 2178 2865 casus
2228 2821 2292 2859 ac

2406 596 2797 667 πνευματικὸν,
2829 597 2886 649 οὐ
2920 594 2979 648 τὸ
2999 595 3342 667 λεπτομερὲς
3383 598 3477 650 καὶ
3512 597 3772 667 ἀερῶδες,
3799 597 3990 660 καθὼς

2402 687 2622 755 λέγουσί
2645 706 2810 753 τινες,
2836 690 2917 742 ὅτι
2940 688 3183 742 τοιοῦτον
3212 690 3267 742 αἱ
3315 688 3487 759 ψυχαὶ
3518 692 3575 743 έν
3598 692 3665 760 τῇ
3691 690 3989 743 ἀναστάσει

2401 782 2667 851 λήψονται
2720 782 2901 851 σῶμα,
2931 774 3008 833 ὧν
3041 775 3295 843 ὲστινεῖς
3345 781 3440 835 καὶ
3484 782 3789 852 Ὠριγένης,
3847 782 3989 833 ἀλλὰ

2402 874 2782 944 πνευματικὸν
2816 873 3040 940 λέγεται
3078 873 3139 925 τὸ
3189 871 3404 944 χωροῦν
3431 873 3646 933 πᾶσαν,
3678 872 3774 924 τοῦ
3829 871 3987 936 ἁγίου

2402 964 2721 1035 Πνεῦματος
2770 965 2870 1033 τὴν
2931 964 3217 1035 ἐνέργειαν
3261 963 3355 1016 καὶ
3406 963 3721 1026 κοινωνίαν,
3794 962 3991 1031 ὥσπερ

2401 1057 2622 1127 οἰνηρὸν
2672 1057 2765 1110 καὶ
2818 1056 3075 1126 eam;pr
3132 1055 3329 1119 σκεῦος
3379 1054 3630 1109 καλεῖται
3677 1054 3736 1108 τὸ
3774 1054 3990 1107 τούτων

2404 1149 2733 1222 χωρητικὸν.
2773 1148 3083 1218 Ἀναλόγως
3114 1144 3209 1202 οῦν
3232 1148 3326 1202 καὶ
3354 1147 3590 1219 ψυχικὸν
3610 1147 3864 1207 ἐκάλεσε,
3928 1146 3990 1198 τὸ

2401 1248 2464 1316 τῇ
2501 1247 2647 1317 ψυχῇ
2706 1246 2800 1299 καὶ
2846 1245 2907 1298 οὐ
2975 1244 3255 1315 Πνεύματι
3296 1244 3439 1315 ἁγίῳ
3478 1242 3872 1313 διοικούμενον.
3919 1272 3992 1281 -

2405 1339 2665 1403 Ἄλλως.
2702 1336 3080 1400 Πνευματικὸν
3106 1338 3264 1389 καλεῖ
3297 1335 3480 1405 σῶμα,
3529 1333 3589 1388 τὸ
3637 1334 3835 1404 μηκέτι
3873 1335 3992 1395 τοῖς

2403 1430 2684 1502 βαρὴμασι
2715 1428 2815 1498 τῆς
2844 1428 3049 1499 φθορᾶς
3080 1428 3410 1492 ὑποπίπτον,
3431 1428 3568 1481 ἀλλὰ
3604 1430 3669 1498 τῇ
3706 1426 3991 1505 ἀφθαρσίᾳ

2401 1522 2498 1577 καὶ
2530 1523 2657 1595 δόξῃ
2694 1521 3436 1593 περικεκοσμημένον.Σὰρξ
3486 1518 3581 1575 οὖν
3627 1523 3659 1589 ὴ
3714 1521 3854 1591 αὐτὴ
3899 1522 3993 1574 άν-

2405 1616 2615 1669 ίσταται
2660 1614 2799 1685 μετὰ
2830 1613 2925 1669 τοῦ
2962 1612 3129 1667 αὐτοῦ
3168 1614 3469 1684 σχήματος,
3511 1612 3709 1684 μηκέτι
3740 1611 3803 1665 τὸ
3854 1611 3991 1681 φρό-

2400 1724 2548 1777 νημα
2583 1707 2824 1775 φέρουσα
2849 1707 2909 1758 τὸ
2930 1704 3200 1773 ἐμπαθὲς,
3253 1705 3389 1757 ἀλλὰ
3421 1704 3482 1756 τὸ
3510 1704 3605 1758 τοῦ
3638 1704 3989 1773 Πνεῦματος,

2399 1799 2562 1853 οἱονεὶ
2596 1799 2732 1869 πρὸς
2762 1797 3108 1868 ἐνδοξοτέραν
3174 1796 3587 1865 μεταϐάλλουσα
3626 1797 3991 1855 κατάστασιν.

2406 1893 2502 1945 καὶ
2530 1891 2890 1960 ὑψηλοτέραν,
2927 1889 3001 1951 ὡς
3024 1889 3263 1959 εἴρηται,
3306 1891 3409 1957 τῆς
3435 1887 3823 1951 ταπεινώσεως
3890 1888 3992 1956 τῆς

2406 1980 2612 2049 φθορᾶς
2644 1980 2747 2033 ὑπὸ
2781 1981 2880 2047 τῆς
2936 1979 3326 2049 λαμπρότητος
3372 1980 3473 2049 τῆς
3523 1979 3833 2047 ἀφθαρσίας
3895 1979 3992 2030 ἀν-

2404 2069 2731 2138 αλωθείσης.
2785 2086 2804 2119 ‹
2849 2070 2906 2121 '0
2963 2068 3194 2139 ἔσχατος
3242 2071 3415 2139 Ἀδὰμ
3466 2072 3548 2133 είς
3593 2069 3814 2139 πνεῦμα
3859 2069 3996 2132 ζωο-

2404 2163 2613 2215 ποιοῦν;
2659 2180 2678 2213 ι
2725 2162 2898 2214 Τοῦτο
2951 2164 3012 2215 οὑ
3056 2163 3399 2234 γέγραπται,
3445 2163 3581 2216 ἀλλὰ
3622 2163 3681 2214 τδ
3734 2162 3878 2214 κατὰ
3932 2161 3995 2212 τὸ

2404 2253 2694 2306 ἀκόλουθον
2720 2254 3037 2323 γενόμενον,
3067 2254 3143 2317 ὡς
3169 2254 3558 2325 γεγραμμένον
3577 2254 3763 2323 φησίν.
3787 2272 3806 2304 t
3847 2251 3995 2305 Ἀλλ’

2405 2347 2465 2399 οὐ
2510 2346 2729 2417 πρῶτον
2772 2346 2833 2399 τὸ
2891 2346 3285 2417 πνευματικόν.
3353 2366 3371 2399 ι
3443 2346 3585 2399 Ἀλλ’
3636 2347 3695 2397 οὐ
3771 2344 3997 2413 πρῶτον

2404 2437 2596 2503 γέγονε
2625 2436 2685 2488 τὸ
2713 2436 3107 2505 πνευματικὸν,
3163 2436 3299 2491 ἀλλὰ
3340 2437 3399 2488 τὸ
3460 2436 3711 2505 ψυχικόν.
3756 2434 3822 2487 Ἥ
3882 2434 3997 2504 γὰρ

2402 2528 2497 2581 τοῦ
2536 2528 2769 2598 ψυχικοῦ
2801 2528 3081 2591 ἔκπτωσις
3112 2528 3209 2583 καὶ
3237 2527 3576 2600 παράϐασις,
3606 2527 3706 2596 τῆς
3732 2544 3794 2579 τε
3826 2527 3989 2577 ὲναν-

2403 2622 2742 2691 θρωπήσεως
2788 2622 3064 2691 πρόφασις
3119 2621 3356 2689 γέγονε,
3413 2623 3508 2673 καὶ
3564 2618 3660 2673 τοῦ
3718 2618 3996 2688 ἑνωθῆδαι

2406 2712 2617 2780 σώματι
2661 2712 2752 2765 τὸν
2804 2712 2937 2766 Θεὸν
2977 2713 3175 2781 Λόγον,
3226 2712 3284 2765 ὃν
3331 2713 3423 2766 καὶ
3474 2711 3625 2781 λέγει
3681 2728 3998 2781 πνευματι-

2402 2804 2520 2858 κόν.

708 2905 1076 2973 transgressio
1119 2905 1375 2961 animalis
1422 2906 1645 2960 occasio
1695 2904 1799 2959 fuit
1850 2900 2276 2962 incarnationis,
2342 2903 2517 2965 utque
2574 2897 2794 2966 corpori
2856 2898 3109 2953 uniretur
3170 2896 3315 2952 Deus
3351 2896 3790 2968 Verbum,quod
3826 2899 3998 2953 etiam

712 2998 847 3052 dit-it
878 2998 1169 3068 spirituale

785 3113 903 3180 XV,
960 3114 1152 3169 47-50.
1217 3115 1437 3170 Primus
1510 3116 1665 3170 homo
1715 3116 1781 3170 de
1834 3124 1979 3170 terra
2032 3122 2292 3177 terrenus;
2325 3150 2370 3209 Ο

714 3209 973 3262 secundus
1008 3208 1162 3261 homo
1195 3208 1301 3275 ipse
1331 3208 1590 3262 Dominus
1620 3208 1683 3261 de
1709 3208 1861 3262 caelo.
1896 3208 2089 3273 Qualis
2126 3217 2295 3261 terre-

713 3318 833 3366 nus,
878 3300 1007 3354 tales
1054 3311 1101 3353 et
1141 3301 1338 3360 terreni
1368 3317 1385 3353 :
1415 3311 1463 3354 et
1511 3301 1685 3369 qualis
1734 3300 1986 3359 rrelestis.
2045 3300 2181 3352 tales
2244 3307 2295 3352 et

714 3394 969 3447 rmlestes.
1033 3392 1099 3445 Et
1135 3392 1578 3462 quemadmodum
1632 3394 1950 3463 gestavimus
2005 3392 2293 3462 imaginem

715 3487 927 3551 terreni,
958 3484 1281 3555 gestabimns
1314 3496 1362 3538 et
1389 3486 1671 3555 imaginem
1691 3485 1936 3540 caelestis.
1976 3483 2090 3538 Hoc
2118 3492 2295 3537 autent

713 3578 854 3639 dico,
890 3577 1108 3643 fratres,
1145 3578 1285 3646 quod
1308 3594 1433 3632 caro
1464 3586 1513 3631 et
1545 3579 1765 3647 sanguis
1802 3577 1951 3647 regni
1986 3577 2082 3630 Dei
2127 3577 2297 3630 Itazre-

714 3671 934 3722 ditatem
994 3670 1243 3738 consequi
1324 3687 1427 3723 non
1488 3680 1733 3739 possunt,
1800 3686 1962 3737 neque
2022 3670 2293 3735 corruptio

715 3764 1240 3833 incorruptibilitatis
1271 3764 1639 3817 Iiwretlitatein
1680 3764 1896 3832 accipit.

791 3896 1018 3965 Eupleto
1042 3898 1109 3952 de
1141 3899 1553 3954 resurreCtione
1581 3913 1862 3963 sermone,
1916 3897 1983 3951 ad
2034 3896 2294 3951 exhorta-

716 3992 919 4044 tionem
965 3991 1136 4053 venit,
1189 4000 1247 4045 ut
1295 3992 1546 4046 studiose
1602 3998 2028 4050 conversentnr,
2084 3996 2138 4043 et
2164 3989 2291 4042 ait:

713 4081 886 4135 Adam
917 4095 981 4135 ex
1017 4089 1161 4134 terra
1204 4090 1345 4145 erat,
1392 4080 1515 4135 ideo
1544 4088 1598 4136 et
1635 4089 1888 4135 terrenus
1910 4088 2054 4141 erat,
2089 4078 2143 4133 id
2180 4084 2290 4143 est,

714 4171 916 4240 gravis.
939 4170 1227 4225 Secundus
1253 4186 1380 4225 vero
1401 4171 1575 4224 Adam
1602 4172 1715 4239 ipse
1746 4170 2011 4225 Dominus
2030 4170 2098 4223 de
2114 4170 2253 4224 caelo
2278 4184 2292 4221 :

715 4263 1117 4317 nam-ctelestis
1147 4271 1267 4316 erat
1297 4261 1444 4317 Deus
1491 4262 1748 4316 Verbum.
1782 4262 2109 4329 Quanquam
2146 4260 2293 4314 enim

714 4372 920 4425 corpus
952 4355 1123 4423 ipsius
1150 4354 1395 4425 ejusdem
1428 4363 1548 4410 erat
1575 4354 1862 4409 nobiscum
1887 4352 2235 4417 substantia,
2264 4365 2294 4404 a

717 4447 1085 4517 prmstantiori
1118 4455 1322 4511 tamen,
1356 4460 1553 4514 nempe
1598 4444 1889 4498 divinitate
1940 4443 2079 4497 dicit
2108 4443 2292 4512 ipsum

713 4538 960 4594 cmleste.
990 4564 1059 4577 --
1086 4536 1208 4590 Alio
1231 4536 1406 4589 modo.
1439 4535 1655 4589 Primus
1685 4534 1852 4589 homo
1871 4544 2122 4589 terrenus
2149 4542 2292 4595 erat,

715 4645 825 4684 non
853 4629 946 4699 qui
974 4646 1003 4682 e
1033 4637 1178 4682 terra
1206 4628 1504 4697 productus
1531 4629 1611 4682 sit
1637 4628 1735 4692 (ita
1778 4628 1925 4683 enim
1950 4642 2144 4681 omnes
2170 4634 2294 4681 ter-

717 4723 836 4776 reni
866 4729 1015 4785 sunt,
1046 4729 1098 4774 et
1123 4729 1391 4789 praeterea
1409 4721 1870 4777 nullusaccusari
1911 4730 2101 4790 posset
2129 4720 2223 4789 qui
2259 4734 2289 4773 e

715 4823 861 4866 terra
912 4812 1214 4882 productus
1271 4814 1463 4881 esset),
1498 4812 1595 4867 sed
1647 4811 1714 4866 de
1742 4822 1888 4867 terra
1924 4812 2081 4877 dicit,
2105 4812 2159 4865 id
2189 4818 2292 4875 est,

715 4914 971 4959 terrenus
1001 4918 1065 4958 ac
1090 4904 1353 4968 carnalis,
1379 4914 1433 4958 et
1456 4914 1671 4960 terrena
1727 4906 1972 4976 sapiens.
2004 4905 2295 4961 Secundus

715 5013 846 5052 vero
875 4997 1132 5053 sublimis
1163 5005 1314 5053 totus
1340 5012 1405 5053 ac
1432 4998 1699 5065 caelestis,
1738 5000 2000 5069 nullaque
2036 5007 2292 5054 terreno-

716 5105 835 5142 rum
870 5096 999 5142 uota
1034 5098 1316 5160 gravatus.
1345 5088 1539 5153 Qualis
1565 5089 1734 5159 igitur
1757 5097 1878 5144 erat
1913 5090 1960 5144 is
2011 5091 2104 5159 qui
2139 5088 2290 5158 seip-

717 5195 835 5233 sum
876 5183 1003 5248 fper
1062 5193 1126 5234 ea
1171 5195 1293 5249 quae
1346 5178 1543 5250 agebat
1574 5195 1639 5234 ac
1689 5180 1981 5245 sentiebat,
2011 5189 2289 5234 terrenum

716 5269 953 5324 reddidit
982 5288 996 5324 :
1039 5270 1177 5325 tales
1207 5279 1370 5327 erunt
1404 5283 1457 5326 et
1491 5272 1587 5342 qui
1621 5272 1687 5326 ad
1717 5272 1894 5341 ipsius
1926 5272 2288 5326 imitationem

716 5361 931 5421 vivunt,
965 5360 1067 5415 hoc
1099 5368 1203 5426 est,
1230 5362 1435 5417 terreni
1473 5370 1564 5417 :et
1611 5363 1869 5417 omnibus
1927 5364 2011 5418 bis
2070 5363 2294 5418 obnoxii

717 5448 1133 5515 affectionibus,
1167 5451 1369 5521 quibus
1421 5450 1725 5506 verisimile
1775 5460 1860 5507 est
1910 5451 2137 5508 allectos
2170 5468 2294 5509 esse

719 5542 841 5594 illos
865 5541 959 5610 qui
993 5549 1156 5596 terra:
1187 5545 1400 5613 seipsos
1425 5543 1735 5598 aﬂixerunt.
1772 5544 1840 5598 Et
1870 5544 2051 5615 qualis
2079 5554 2199 5600 erat
2242 5545 2291 5601 is

714 5635 819 5702 .qui
863 5649 1018 5689 suam
1050 5634 1289 5689 in'terra
1332 5636 1833 5703 conversationem,
1890 5636 2180 5693 sublimem
2243 5646 2299 5692 et

721 5724 998 5778 caelestem
1031 5741 1335 5797 puramque
1363 5726 1624 5793 instituit,
1644 5727 1809 5800 5'76
1853 5728 1988 5782 tales
2026 5739 2191 5783 erunt
2237 5739 2293 5786 et

718 5817 809 5887 qui
837 5817 901 5871 ad
931 5818 1307 5889 imitationem
1356 5820 1601 5876 caelestis
1631 5820 1777 5877 illius
1809 5819 2066 5887 instituti,
2106 5838 2285 5893 quan~

2486 3107 2548 3160 '0
2588 3106 2816 3183 πρῶτος
2842 3106 3239 3175 ἀνθρωποςέκ
3257 3105 3371 3173 γῆς
3400 3105 3624 3175 χοῖκὸς,
3650 3110 3682 3159 c'
3713 3105 4000 3174 δεύτερος

2403 3200 2735 3266 ἄνθρωπος,
2766 3201 2798 3250 ὁ
2828 3200 3044 3265 Κύριος
3074 3199 3141 3262 ἐξ
3182 3198 3468 3264 οὐρανοῦ.
3496 3193 3630 3263 Οἷος
3670 3201 3702 3251 ό
3760 3198 3931 3267 χοϊκό
3945 3219 3994 3265 ς.

2399 3290 2656 3344 τοιοῦτοι
2712 3290 2811 3343 καὶ
2876 3293 2930 3343 οἱ
2979 3291 3192 3357 χοϊκοί.
3230 3290 3339 3343 Καὶ
3367 3285 3492 3355 οἷος
3540 3292 3571 3343 ὀ
3607 3290 3995 3358 ἐπουράνιος,

2398 3383 2655 3438 τοιοῦτοι
2680 3383 2777 3435 καὶ
2797 3385 2850 3434 οὶ
2871 3381 3238 3449 ἐπουράνιοι.
3263 3382 3367 3435 Καὶ
3400 3381 3593 3446 καθὼς
3611 3381 3999 3450 ἐρορέσαμετ

2399 3475 2515 3542 τὴν
2544 3475 2749 3529 εἰκόνα
2767 3474 2871 3527 τοῦ
2903 3473 3150 3541 χοϊκοῦν
3168 3476 3509 3545 φορέσομεν
3529 3475 3623 3528 καί
3645 3474 3767 3542 τὴν
3785 3475 3998 3528 εἰκόνα

2400 3565 2506 3618 τοῦ
2524 3564 2909 3632 ἐπουρανίου.
2944 3564 3123 3617 Τοῦτο
3142 3562 3209 3617 δέ
3235 3583 3404 3634 φημι,
3426 3566 3700 3635 ἀδελφοὶ,
3727 3567 3816 3620 ἔτι
3837 3567 3997 3635 σὰρξ

2399 3657 2498 3711 καὶ
2527 3653 2671 3725 αἷμα
2687 3656 3016 3720 βασιλείαν
3046 3654 3193 3708 Θεοῦ
3220 3657 3675 3727 κληρονομῆσαι
3715 3661 3791 3713 οὐ
3814 3658 3996 3714 δύνα-

2401 3767 2515 3805 ται.
2544 3749 2697 3803 Οὐδὲ
2727 3750 2763 3817 ἡ
2790 3748 2980 3817 φθορὰ
3007 3746 3120 3813 τὴν
3149 3747 3497 3816 ἀφθαρσίαν
3533 3752 3925 3818 κληρονομεῖ.

2472 3884 2780 3957 Πληρώσας
2817 3884 2910 3937 τὸν
2965 3882 3218 3953 περὶτῆς
3261 3884 3615 3948 ἀναστάσεως
3660 3885 3843 3955 λόγον,
3915 3891 3996 3951 εἰς

2401 3978 2725 4049 παραίνεσιν
2776 3974 2909 4049 ἦλθε
2963 3976 3240 4039 πολιτείας
3277 3979 3529 4049 ἀρίστης,
3559 3982 3650 4034 καί
3691 3999 3886 4051 φησιν·
3935 3984 3995 4036 '0

2414 4071 2586 4141 Ἀδὰμ
2627 4073 2690 4125 ὲκ
2713 4071 2818 4141 γῆς
2843 4067 2911 4143 ἦν
2933 4075 3224 4147 τοιγαροῦν
3253 4076 3347 4126 καὶ
3373 4076 3559 4143 χοῖκδς
3579 4068 3673 4145 ἦν,
3713 4077 3995 4140 τουτέστι,

2400 4165 2587 4236 γήϊνος
2617 4164 2714 4217 καὶ
2745 4164 2938 4234 βαρύς.
2990 4166 3047 4218 Ὀ
3089 4167 3147 4219 δέ
3179 4183 3243 4234 γε
3264 4166 3532 4236 δεύτερος
3605 4168 3777 4235 Ἀδὰμ
3808 4170 3837 4220 ὀ
3888 4168 3999 4220 Κύ-

2404 4275 2516 4329 ριος
2547 4257 2605 4322 ἐξ
2628 4257 2883 4328 οὐρανοῦ.
2916 4256 3184 4329 Οὐράνιος
3213 4259 3321 4328 γάρ
3348 4260 3376 4311 ό
3399 4258 3535 4320 Θεὸς
3559 4258 3752 4324 Λόγος.
3776 4259 3840 4311 Εἰ
3881 4259 3994 4329 γὰρ

2402 4351 2496 4402 καὶ
2552 4349 2614 4402 τὸ
2664 4350 2827 4419 σῶμα
2887 4350 3056 4405 αὐτοῦ
3116 4352 3402 4421 όμοούσιον
3444 4353 3602 4422 ἡμῖν,
3651 4351 3767 4405 ἀλλ’
3798 4355 3865 4405 ἐκ
3894 4352 3994 4405 τοῦ

2403 4441 2731 4512 κρείττονος,
2765 4442 3033 4505 τουτέστι,
3065 4443 3167 4510 τῆς
3191 4442 3468 4509 θεότητος,
3512 4444 3766 4512 οὐράνιον
3821 4443 3995 4495 αὐτὸν

2404 4534 2572 4601 λέγει.
2608 4561 2673 4570 --
2703 4534 2964 4596 Ἄλλως.
3006 4533 3064 4586 Ὀ
3096 4533 3317 4603 πρῶτος
3350 4532 3641 4603 ἄνθρωπος
3673 4535 3866 4602 γήῖνος
3896 4529 3991 4603 ἦν,

2402 4628 2469 4681 οὺ
2493 4628 2553 4680 τὸ
2580 4628 2644 4679 ἐκ
2672 4626 2778 4695 γῆς
2802 4626 3081 4697 παρῆχθαι
3125 4626 3320 4696 (οὕτως
3372 4627 3482 4696 γὰρ
3536 4627 3740 4688 πάντες
3783 4628 3996 4693 γήϊνοι,

2400 4721 2495 4773 καὶ
2521 4718 2599 4773 ἐτι
2624 4719 2726 4772 οὐκ
2759 4719 2823 4773 ἄν
2858 4736 2942 4782 τις
2972 4718 3281 4772 αἰτιάσαιτο
3310 4718 3372 4786 ,τὸ
3419 4719 3484 4770 ὲκ
3513 4719 3615 4787 γῆς
3644 4715 3989 4786 παρῆχθαι),

2402 4812 2517 4865 ἀλλ’
2555 4813 2620 4865 ὲκ
2653 4812 2755 4881 γῆς
2786 4828 2941 4881 φησι,
2966 4810 3241 4874 τουτέστι,
3278 4812 3470 4880 γήϊνος
3529 4809 3626 4861 καὶ
3696 4810 3991 4879 σαρκικδς.

2403 4906 2498 4958 καὶ
2526 4905 2678 4958 κάτω
2708 4904 2946 4975 φρονῶν.
2996 4903 3054 4956 Ὀ
3100 4904 3157 4955 δὲ
3191 4902 3468 4972 δεύτερος,
3527 4902 3826 4970 μετάρσιος
3867 4903 3993 4965 ὅλος

2403 4998 2496 5051 καὶ
2533 4996 2804 5067 οὐράνιος,
2836 4998 2929 5051 καὶ
2957 4996 3200 5067 μηδεμιᾷ
3225 4995 3336 5048 τῶν
3364 4996 3570 5065 γηΐνων
3606 4994 3785 5065 κηλῑδι
3814 4999 3989 5063 papu-

2399 5088 2644 5158 νόμενος.
2676 5083 2803 5152 Οἷος
2830 5087 3126 5160 τοιγαροῦν
3149 5083 3219 5157 ἧν
3244 5090 3272 5141 ὁ
3305 5088 3490 5158 χοῖκδν
3552 5088 3749 5141 ἑαυτὸν
3779 5088 3849 5139 δι’
3911 5082 3991 5140 ὧν

2403 5182 2622 5252 ἐφρόνει
2675 5182 2770 5234 καὶ
2800 5181 3041 5252 ἔπραττε
3096 5183 3470 5250 καταστήσας,
3495 5179 3732 5234 τοιοῦτοι
3764 5181 3989 5235 ἔσονται

2402 5275 2495 5326 καὶ
2550 5275 2600 5326 οἱ
2652 5274 2789 5344 πρὸς
2839 5274 3073 5343 μίμησιν
3132 5272 3343 5325 ἐκείνου
3379 5272 3657 5341 βιοῦντες,
3707 5272 3989 5332 τουτέστι,

2397 5366 2592 5434 χοῖκοὶ,
2615 5366 2709 5418 καὶ
2740 5366 3045 5435 πάσχοντες
3066 5366 3169 5419 ὅσα
3196 5366 3342 5427 είκὸς
3373 5364 3775 5433 πάσχεινπῶς
3806 5379 3992 5433 προσ-

2396 5458 2717 5530 ηλώσαντας
2747 5460 2975 5521 ἑαυτοὺς
3026 5458 3105 5528 τῷ
3151 5459 3257 5527 χοῖ.
3294 5459 3406 5511 Καὶ
3438 5453 3551 5521 οἷος
3595 5454 3665 5527 ἦν
3696 5459 3723 5509 ὁ
3775 5457 3990 5528 tte-rip-

2396 5568 2512 5604 σιον
2551 5552 2648 5604 καὶ
2679 5550 2933 5621 οὐράνιον
2957 5550 3053 5604 καὶ
3087 5550 3334 5619 καθαρὰν
3387 5549 3487 5620 τὴν
3514 5550 3609 5603 ἐπὶ
3669 5548 3775 5618 γῆς
3810 5548 3987 5601 αὑτοῦ

2396 5643 2677 5696 πολιτείαν
2732 5644 3163 5712 ἐνστησάμενος,
3227 5641 3461 5707 τοιοῦτοι
3520 5641 3737 5694 ἔσονται
3774 5642 3875 5693 καὶ
3935 5642 3993 5693 οἱ

2402 5733 2541 5804 πρὸς
2571 5732 2854 5803 ὁμοίωσιν,
2880 5732 3115 5787 καθόσον
3167 5734 3315 5785 ἐστὶν
3359 5731 3667 5802 ἀνθρώποις
3728 5730 3987 5792 δυνατὸν,

2395 5825 2613 5897 ἐκείνης
2672 5826 2768 5897 τῆς
2814 5826 3070 5897 οὐρανίου
3136 5825 3415 5896 διαγωγῆς
3475 5823 3939 5891 πολιτευσάμενοι
3973 5863 3991 5887 ,
