4204 6464
191 395 296 457 893

1122 397 1505 459 COMMENT.
1540 399 1621 460 IN
1660 398 1898 460 EPIST.
1935 402 1963 460 Ι
2000 403 2100 464 AD
2128 403 2494 471 CORINTH.

3340 405 3450 469 894

189 511 253 559 τό
299 507 455 571 τέλος
490 508 603 571 τοῖς
638 506 973 579 ἀνθρώποις,
1014 507 1089 577 μὴ
1139 509 1227 576 ὑφ’
1259 508 1318 561 ἓν
1357 510 1523 563 πᾶσιν
1570 510 1772 578 ἐπάγε-

1880 509 2006 567 lista
2030 511 2267 571 Joannes
2293 516 2366 569 ait
2400 517 2454 571 in
2486 514 2815 586 Apocalypsi
2858 515 2901 549 ’ί
2931 514 3093 571 tinem
3134 513 3451 571 hominibus

196 600 341 665 σθαι,
375 600 510 653 ἀλλὰ
539 601 679 653 κατὰ
716 602 880 670 μέρος
910 599 1048 669 ἐλέῳ
1081 601 1241 664 Θεοῦ,
1272 601 1359 655 ἴνα
1386 602 1496 656 τῶν
1531 602 1768 672 πρώτων

190 692 620 761 ἀπολλυμένων,
677 693 727 745 οί
784 692 1287 763 ῦπολιμπανόμενοι
1340 692 1419 761 τῷ
1468 692 1629 763 φόϐῳ.
1662 691 1781 745 τῶν.

192 785 695 853 πῳαναλωθέντων
726 785 803 846 είς
844 785 1137 853 μετάνοιαν
1172 784 1388 837 ἔλθωσι.
1429 785 1591 851 Λέγει
1625 784 1679 837 δὲ
1710 783 1771 836 τὸ

188 875 370 943 δόγμα
404 876 563 929 τοῦτο
604 878 660 927 ἐν
684 879 749 947 τῇ
774 876 925 929 λύσει
959 878 1058 947 τῆς
1093 877 1329 946 ἑϐδόμης
1357 876 1652 945 σφραγῖδος
1674 873 1769 929 τοῦ

192 965 423 1034 βιϐλίου.
464 962 567 1020 Ὦν
596 967 770 1031 οὕτως
792 968 1049 1037 ἐχόντων,
1069 969 1285 1038 νοήσεις
1313 969 1373 1021 τὸ
1396 969 1520 1022 «Ἐν
1547 968 1762 1039 ἀτόμῳ»

189 1061 312 1123 καὶ,
352 1078 370 1111 ι
418 1061 507 1112 Ἐν
540 1063 672 1131 ῥιπῇ
702 1060 1008 1129 όφθαλμοῦ,
1049 1079 1068 1112 ι
1105 1061 1247 1114 κατά
1279 1061 1460 1114 κοινοῦ
1493 1061 1768 1131 εἰρῆσθαι,

189 1152 287 1204 καὶ
322 1150 460 1219 πρὸς
518 1150 586 1204 τά
621 1152 715 1204 δύο
766 1151 1049 1222 ἁρμόζειν,
1083 1153 1172 1205 ῖνα
1290 1152 1463 1216 οὕτως
1499 1169 1513 1183 ο
1560 1152 1769 1215 Πάντες

132 1298 137 1303 ν
192 1240 297 1309 μὲν
351 1243 411 1295 οὐ
468 1243 962 1312 κοιμηθησόμεθα,
1041 1240 1155 1297 οἷον
1218 1242 1641 1312 ἀποθανούμεθα
1710 1245 1768 1296 ὲν

188 1334 400 1402 ἀτόμῳ,
458 1336 517 1386 ὲν
587 1336 719 1404 ῥιπῇ
788 1333 1103 1405 ὀφθαλμοῦ,
1167 1334 1256 1386 διὰ
1342 1333 1404 1386 τὸ
1462 1334 1604 1386 κατά
1668 1332 1767 1401 μέ-

191 1439 288 1494 ρος
335 1423 637 1491 ἐπάγεσθαι
686 1426 746 1477 τὸ
782 1426 959 1490 τέλος,
993 1426 1135 1478 κατά
1175 1426 1266 1478 τὸν
1302 1424 1456 1492 λόγον
1480 1423 1580 1493 τῆς
1603 1424 1770 1476 Ἀπο-

187 1513 480 1582 καλύψεως
517 1531 531 1545 ·
582 1516 785 1579 πάντες
836 1517 1022 1587 μέντοι
1073 1517 1497 1587 ἀλλαγησόμεθα
1530 1518 1587 1569 ὲν
1641 1515 1770 1570 ἀτό-

193 1622 281 1675 μῳ
310 1647 324 1667 ,
364 1608 424 1659 ὲν
459 1609 593 1679 ῥιπῇ
642 1608 943 1677 ὀφθαλμοῦ,
999 1610 1058 1660 έν
1110 1610 1177 1677 τῇ
1214 1608 1419 1678 ἐσχάτῃ
1483 1606 1767 1673 σάλπιγγι.

186 1698 256 1748 Δί
298 1694 398 1765 μὲν
438 1698 546 1767 γὰρ
597 1698 813 1767 πρῶται
875 1698 1174 1766 σάλπιγγες
1230 1696 1372 1751 έπτά
1424 1691 1579 1749 οῦσαι
1628 1697 1770 1750 κατά

187 1787 294 1855 τὴν
324 1788 692 1855 ’Λποκάλυψιν
711 1831 725 1855 ,
757 1791 858 1845 οὐκ
890 1790 1164 1860 ἐγείρουσι
1190 1790 1317 1853 τοὺς
1351 1791 1601 1860 νεκροὺς,
1632 1788 1769 1842 ἀλλά

189 1879 507 1931 συντελοῦσι
556 1880 682 1942 τοὺς
721 1856 1063 1950 ἀνθρώπους.
1100 1880 1164 1931 Ἡ
1206 1878 1263 1932 δὲ
1310 1856 1592 1931 τελευταία
1645 1877 1773 1929 σάλ-
1803 1856 1846 1910 Β

189 1967 351 2036 πιγξ.
386 1972 529 2021 ποιεῖ
557 1970 656 2039 τήν
708 1987 768 2023 τε
814 1970 1032 2042 ἔγερσιν
1078 1972 1171 2025 καὶ
1202 1972 1303 2041 τὴν
1333 1970 1634 2040 ἐναλλαγὴν
1661 1970 1771 2023 τῶν

186 2061 292 2131 ἤδη
348 2062 701 2115 ἀναστάντων
733 2064 790 2115 ὲν
825 2063 1013 2132 ἀτόμῳ
1062 2063 1158 2115 καὶ
1206 2062 1264 2114 έν
1303 2064 1441 2132 ῥοπῇ
1489 2060 1768 2132 ὀφθαλμοῦ

189 2155 291 2205 σὺν
330 2158 395 2225 τῇ
432 2157 628 2211 κτίσει,
690 2157 799 2210 Καὶ
832 2157 941 2226 γὰρ
989 2156 1083 2208 καὶ
1117 2156 1150 2225 ἡ
1186 2154 1360 2217 κτίσις
1404 2155 1768 2227 ἀλλαγήσεται

187 2245 291 2313 τῆς
326 2246 554 2314 φθορᾶς,
578 2249 656 2308 είς
678 2246 776 2316 τὴν
805 2245 1117 2315 ἐλευθερίαν
1143 2249 1239 2315 τῆς
1256 2246 1411 2315 δόξης
1435 2245 1542 2299 τῶν
1563 2248 1769 2299 τέκνων

186 2337 286 2392 τοῦ
321 2338 479 2406 Θεοῦ,
503 2338 684 2404 καθὼς
716 2342 774 2393 έν
812 2342 879 2411 τῇ
915 2340 1049 2411 πρὸς
1083 2340 1385 2410 Ῥωμαίους
1415 2338 1585 2395 εἶπεν.
1620 2359 1639 2393 ι
1680 2343 1767 2395 Ἐν

186 2432 398 2501 ἀτόμῳ.
432 2450 450 2483 ι
486 2434 594 2487 Καὶ
631 2434 691 2487 τό
716 2432 1015 2504 παράδοξόν
1045 2450 1229 2503 φησιν,
1257 2434 1339 2486 ὅτι
1374 2432 1610 2487 τοσαῦτα
1639 2434 1769 2487 θαύ-

190 2542 339 2592 ματα
371 2527 428 2577 ὲν
456 2526 728 2597 ἀκαριαίῳ
769 2525 922 2579 ἔσται
956 2526 1134 2595 χρόνῳ
1159 2524 1275 2593 ἅμα
1312 2529 1377 2595 τῇ
1408 2525 1509 2595 τῆς
1543 2525 1769 2593 σάλπιγ-

186 2630 285 2681 γος
321 2615 892 2683 ἠχῇ-Ἐρώτησις.
931 2615 1150 2685 Ἐπειδὴ
1170 2617 1309 2668 κατά
1342 2634 1461 2668 τινα
1484 2616 1587 2669 τῶν
1616 2618 1766 2669 ἀντι-

185 2707 419 2775 γράφων
446 2707 752 2777 περιέχεται
773 2706 867 2759 τοῦ
896 2708 1245 2773 Ἀποστόλου,
1272 2728 1288 2760 ι
1313 2709 1519 2772 Πάντες
1543 2709 1641 2779 μὲν
1663 2727 1768 2763 κοι-

191 2797 577 2869 μηθησόμεθα,
602 2800 662 2853 οὐ
682 2799 878 2863 πάντες
900 2800 954 2854 δὲ
969 2800 1406 2872 ἀλλαγησόμεθα.
1422 2819 1440 2852 ι
1465 2801 1623 2854 Κατά
1643 2819 1766 2856 τινα

186 2888 269 2949 δὲ,
310 2904 331 2938 ι
361 2888 487 2940 Ὅτι
518 2889 718 2951 πάντες
743 2889 921 2957 μὲνού
947 2889 1421 2959 κοιμηθησόμεθα,
1463 2891 1665 2953 πάντες
1708 2892 1765 2945 δὲ

186 2978 403 3051 ἀλλαγη
414 2979 635 3048 σόμεθα.
665 3000 683 3032 ι
708 2980 1011 3049 παρακαλῶ
1037 2980 1227 3051 μαθεῖν
1250 2981 1409 3035 ποίαν
1431 2982 1511 3035 δεῖ
1536 2983 1643 3035 τῶν
1673 2984 1767 3036 ἐκ·

188 3073 397 3126 δόσεων
433 3074 706 3143 ὲγκρῖναι,
741 3073 835 3127 καὶ
859 3073 912 3125 τί
943 3073 1013 3127 τὰ
1045 3076 1109 3127 ἐκ
1130 3074 1333 3127 τούτων
1353 3074 1678 3145 δηλούμενα.
1696 3105 1769 3117 -—

199 3161 567 3230 Ἀπόκρισις.
595 3159 766 3231 Οίμαι
787 3164 869 3215 ὅτι
899 3163 1023 3216 καθ’
1047 3165 1312 3234 ἑκατέραν
1345 3165 1452 3217 τῶν
1478 3165 1759 3228 ἐκδόσεων,
1786 3188 1831 3249 C

185 3252 379 3322 ἐπειδὴ
430 3252 523 3305 καὶ⁵
576 3254 645 3306 τά
679 3255 884 3323 ἀρχαῖα
931 3254 1041 3307 τῶν
1091 3255 1473 3325 ἀντιγράφων,
1523 3256 1619 3318 τὰς
1668 3255 1761 3309 δύο

185 3343 538 3413 περιέχουσιν
559 3357 573 3373 ⁸
617 3342 855 3406 εὗσεόὦς
886 3342 942 3397 δέ
982 3361 1064 3402 τις
1093 3342 1470 3414 έκλαμόάνων,
1497 3346 1592 3400 τοῦ
1629 3349 1765 3401 ἀπο-

185 3435 440 3489 στολικοῦ
474 3437 573 3489 οὐκ
596 3436 952 3490 ἀποπεσεῖται
984 3436 1186 3491 σκοποῦ
1212 3453 1225 3467 ·
1266 3439 1409 3491 κατά
1436 3438 1535 3508 μὲν
1558 3434 1651 3493 οὖν
1680 3439 1760 3504 τὸ,

190 3547 209 3581 ι
240 3530 455 3591 Πάντες
490 3527 967 3598 κοιμηθησόμεθα,
1020 3528 1081 3581 οῦ
1117 3530 1316 3593 πάντες
1363 3529 1420 3582 δὲ
1460 3529 1761 3601 ἀλλαγησό-

190 3623 355 3691 μεθα,
402 3640 415 3672 ι
460 3620 603 3673 οῦτω
654 3620 759 3690 χρὴ
809 3622 970 3686 νοεῖν,
1005 3620 1087 3673 ὅτι
1135 3620 1335 3682 πάντες
1378 3620 1499 3690 μὲν,
1540 3622 1637 3693 τὴν
1674 3624 1763 3677 διά

186 3714 424 3765 θανάτου
463 3710 722 3781 κοίμησιν
767 3693 1172 3781 ὑπομενοῦμεν,
1219 3713 1285 3787 0';
1316 3713 1516 3777 πάντες
1553 3713 1611 3767 δὲ
1663 3717 1764 3782 τὴν

185 3801 343 3865 δόξαν
374 3802 467 3853 καὶ
512 3802 612 3870 τὴν
646 3802 961 3870 παῤῥησίαν
999 3800 1462 3871 ἀνταλλαξόμεθα,
1496 3804 1630 3872 ὅπερ
1662 3804 1763 3857 αῦ-

182 3893 274 3951 es;
313 3892 636 3955 Ἀπόστολος
687 3895 743 3945 ὲν
776 3892 922 3962 ἄλλῳ
947 3892 1129 3963 τίθησι
1156 3893 1379 3961 φάσκων
1406 3895 1759 3965 σαφέστερον,

190 4006 208 4036 ι
238 3985 416 4054 Εἴπερ
450 3986 547 4037 καὶ
574 3984 945 4053 ἐνδυσάμενοι,
975 3984 1035 4036 οὑ
1063 3984 1259 4053 γυμνοὶ
1279 3984 1708 4055 εὑρεθησόμεθα.
1738 4005 1755 4038 ι

183 4078 343 4129 Κατὰ
365 4076 421 4129 δὲ
448 4077 528 4138 τὸ,
566 4094 585 4126 ι
615 4075 689 4127 Οῦ
716 4076 914 4137 πάντες
946 4074 1045 4143 μὲν
1077 4076 1546 4145 κοιμηθησόμεθα,
1567 4078 1764 4141 πάντες

186 4171 241 4223 δὲ
272 4167 715 4238 ἀλλαγησόμεθα,
744 4185 761 4217 ι
794 4166 935 4218 οὕτω
967 4167 1073 4237 χρὴ
1105 4166 1445 4236 ἐκδέχεσθαι,
1476 4169 1679 4237 ὅτιμὲν
1703 4171 1764 4224 οὐ

189 4258 640 4329 κοιμηθησόμεθα
674 4260 771 4327 τὴν
797 4258 1054 4327 χρονικὴν
1089 4258 1368 4326 κοίμησιν,
1408 4258 1549 4311 ὥστε
1571 4259 1767 4330 δεηθῆ-

188 4372 273 4405 ναι
297 4353 480 4423 ταφῆς
506 4356 598 4405 καὶ
617 4351 821 4414 λύσεως
848 4350 949 4418 τῆς
971 4353 1050 4411 είς
1073 4349 1300 4419 φθορὰν,
1332 4350 1469 4403 ἀλλά
1500 4351 1763 4421 σύντομον

186 4447 278 4497 τὸν
332 4446 566 4498 θάνατον
606 4444 655 4495 οἱ
707 4442 828 4495 τότε
875 4442 1257 4512 εὑρισκόμενοι
1295 4442 1649 4512 ὑπομενοῦσι,
1688 4443 1763 4515 μὴ

186 4536 432 4603 δεόμενοι
486 4531 744 4603 χρονιχῆς
796 4532 1125 4599 κοιμήσεως,
1173 4530 1261 4583 διὰ
1307 4530 1407 4601 τὴν
1443 4532 1757 4602 παραυτίκα
1789 4523 1833 4579 D

189 4624 483 4693 γινομένην
509 4623 823 4685 ἀνάστασιν,
845 4620 1045 4682 πάντες
1067 4619 1124 4672 δὲ
1158 4620 1575 4689 ἀλλαγήσονται,
1607 4638 1763 4674 τουτ-

187 4717 325 4777 έστι,
361 4711 674 4782 ἀφθαρσίαν
708 4710 1033 4764 ένδύσονται.
1071 4727 1088 4760 ι
1129 4710 1391 4763 Σαλπίσει
1421 4712 1588 4779 γάρ.»
1630 4708 1762 4768 Εἶτα

187 4808 244 4858 τὸ
277 4806 594 4871 ἀξιόπιστον
615 4802 829 4866 δεικνὺς
866 4801 973 4853 τῶν
1009 4802 1331 4869 γινομένων,
1375 4803 1530 4872 φησί’
1576 4821 1593 4854 ι
1629 4804 1765 4857 Σαλ-

188 4898 335 4951 πίσει
352 4897 479 4966 γὰρ,
503 4899 559 4965 δή
581 4894 813 4962 σάλπιγξ
830 4895 1010 4964 ἐκείνη
1032 4896 1060 4963 ἡ
1083 4893 1308 4964 φοϐερὰ,
1347 4912 1366 4946 ι
1392 4897 1483 4948 καὶ
1502 4896 1548 4947 οί
1579 4894 1763 4966 νεκροὶ

186 4990 610 5057 ἀναστήσονται,
650 5004 669 5037 ι
710 4986 953 5055 δηλονότι
992 4986 1386 5054 ὲνηλλαγμένοι
1432 4986 1525 5039 καὶ
1547 4986 1761 5057 ἀφθαρ-

185 5099 292 5135 τοι.
322 5080 435 5131 Καὶ
456 5081 639 5147 ἡμεῖς,
664 5077 968 5142 τουτέστιν,
999 5078 1045 5129 οί
1076 5064 1616 5147 καταλαμϐανόμενοι
1638 5078 1759 5131 τότε

192 5172 419 5237 ζῶντες·
454 5172 585 5239 περί
637 5169 864 5221 ἐκείνων
913 5170 1042 5238 γὰρ,
1084 5169 1145 5220 οῦ
1191 5170 1320 5238 περὶ
1372 5168 1563 5223 ἑαυτοῦ
1600 5186 1756 5238 φησιε

188 5267 284 5320 καὶ
366 5266 529 5333 ἡμεῖς
606 5259 900 5332 τοιγαροῦν
967 5261 1406 5332 ἀλλαγησόμεθα.
1468 5259 1590 5314 Ἐπὶ
1641 5261 1764 5313 τοῦ·

186 5376 297 5411 των
324 5359 436 5427 γὰρ
473 5357 574 5410 οὐκ
601 5355 753 5410 ἔσται
781 5354 1021 5425 ἔγερσις,
1046 5354 1155 5406 τῶν
1192 5353 1329 5424 μηδὲ
1369 5353 1760 5424 κοιμηθέντων,

185 5453 328 5506 ἀλλά
358 5452 518 5521 μόνον
550 5449 842 5517 έναλλαγή.
894 5449 959 5499 υἱ
1012 5447 1111 5515 μὲν
1146 5446 1329 5516 νεκροὶ
1361 5448 1412 5499 οἱ
1447 5447 1763 5516 προαποθα-

189 5546 396 5607 νόντες,
441 5542 833 5612 ἐγερθήσονται
880 5539 1167 5608 ἄφθαρτοι,
1201 5538 1251 5590 οί
1301 5539 1359 5591 δὲ
1410 5537 1608 5601 ζῶντες
1640 5540 1760 5591 τότε

188 5639 309 5699 πῶς
338 5634 768 5705 ὲγερθήσονταις
797 5631 972 5686 Μόνον
1000 5631 1073 5694 ὼς
1103 5632 1161 5683 ὲν
1190 5633 1328 5701 ῥοπῇ
1359 5630 1759 5703 ἀλλαγήσονται

1876 620 1987 661 non
2033 607 2201 662 simul
2228 610 2485 665 omnibus
2514 608 2725 673 induci,
2763 606 2858 663 sed
2916 606 3006 662 Dei
3073 608 3451 661 misericordia

1876 696 2138 765 paulatim
2171 711 2235 752 ac
2269 699 2597 767 pedetentim
2634 708 2734 754 :ut
2756 697 3030 765 prioribus
3062 697 3448 766 pereuntibus,
3518 747 3520 750 ,

1874 787 1966 854 qui
1997 788 2410 857 relinquuntur,
2445 789 2643 844 timore
2694 789 2851 859 prius
2908 797 3364 857 cousumptorum
3386 788 3453 842 ad

1874 878 2310 947 resipisceutiam
2331 881 2571 933 veniant.
2604 879 2868 948 Loquitur
2914 888 3094 933 autem
3146 880 3218 934 ob
3254 880 3453 949 dogma

1872 971 1939 1024 de
1969 969 2242 1025 solutione
2270 973 2486 1040 septimi
2527 972 2691 1040 sigilli
2730 972 2873 1026 lihri.
2910 972 3044 1037 Qua!
3073 986 3196 1025 cum
3252 972 3323 1025 ita
3392 987 3451 1025 se

1875 1060 2134 1124 habeant,
2170 1061 2437 1129 intelliges
2465 1062 2607 1130 quod
2640 1061 2880 1115 dicitur:
2935 1080 2953 1111 ι
2993 1064 3046 1115 In
3078 1069 3281 1131 pum-to
3311 1073 3450 1113 lNll-

1873 1152 2024 1219 poris
2052 1159 2106 1205 et
2135 1151 2187 1204 in
2224 1161 2499 1205 momento
2551 1153 2720 1214 oculi,
2766 1171 2783 1202 ι
2836 1153 3110 1205 communi
3160 1152 3322 1205 modo
3365 1152 3450 1205 di-

1875 1249 2024 1293 ctum
2058 1256 2201 1305 esse,
2240 1249 2295 1295 et
2328 1244 2392 1295 ad
2417 1242 2526 1295 duo
2569 1246 2742 1312 aptari
2781 1244 2895 1297 sive
2922 1243 3135 1307 referri,
3176 1252 3233 1296 ut
3268 1247 3339 1297 sit
3361 1244 3451 1296 hic

1874 1348 2073 1388 sensus
2110 1350 2125 1386 :
2169 1332 2286 1386 Non
2322 1349 2513 1389 omnes
2548 1336 2770 1405 quidem
2796 1336 3136 1391 dormiemus
3167 1337 3280 1391 sive
3320 1351 3451 1389 mo-

1871 1425 2080 1479 riemur
2115 1426 2167 1479 in
2201 1435 2407 1495 puncto
2433 1428 2724 1497 temporis,
2760 1428 2813 1481 in
2845 1428 3187 1490 nictuoculi,
3214 1443 3278 1481 eo
3304 1427 3450 1495 quod

1873 1523 2076 1575 sensim
2122 1523 2413 1577 inducatur
2450 1537 2576 1576 mox
2603 1522 2761 1590 juxta
2816 1522 3037 1577 verbum
3065 1521 3445 1589 Apocalypsis:

1872 1610 2080 1667 Omnes
2137 1620 2318 1668 tamen
2362 1613 2779 1668 immutabimur
2826 1614 2881 1667 in
2920 1620 3126 1682 puncto
3162 1611 3446 1679 temporis.

1872 1705 1927 1760 in
1950 1716 2227 1761 momento
2250 1708 2416 1770 oculi,
2447 1709 2500 1761 in
2556 1713 2797 1761 extrema
2850 1705 3003 1771 tuba.
3046 1703 3211 1773 579
3257 1704 3450 1759 Prima

1876 1799 2149 1867 siquidem
2182 1799 2347 1863 tubae,
2391 1814 2514 1853 cum
2542 1809 2746 1866 septem
2787 1808 2976 1853 essent
3025 1796 3180 1863 juxta
3236 1790 3450 1864 Apoca-

1874 1892 2090 1961 lypsim,
2118 1906 2226 1946 non
2255 1889 2526 1945 suscitant
2556 1900 2824 1955 mortuos,
2881 1889 2978 1945 sed
3030 1887 3330 1942 coniiciunt
3383 1900 3449 1940 ac

1873 1983 2193 2037 interimunt
2220 1982 2466 2037 homines
2498 1990 2786 2054 :extrema
2802 1996 2929 2036 vero
2968 1980 3099 2034 tuba
3156 1979 3448 2034 suscitahit

1873 2088 1937 2128 ac
1971 2073 2288 2127 immutabit
2338 2087 2433 2126 eos
2461 2073 2555 2142 qui
2576 2071 2688 2141 jam
2721 2071 3124 2125 resurrexeriut
3148 2070 3201 2122 in
3247 2076 3448 2137 puncto

1871 2160 2134 2230 temporis
2164 2159 2289 2214 etin
2319 2168 2597 2213 momento
2625 2159 2771 2214 oculi
2824 2172 2931 2211 una
2985 2173 3109 2210 cum
3168 2167 3444 2211 creatura.

1868 2248 2004 2304 Nam
2048 2257 2104 2305 et
2156 2260 2416 2305 creatura
2465 2249 2846 2303 immutabitur
2883 2264 2913 2301 a
2981 2249 3334 2318 corruptione
3391 2249 3446 2303 in

1870 2342 2178 2398 libertatem
2208 2342 2397 2412 gloriae
2431 2342 2667 2396 ﬁliorum
2725 2340 2840 2405 Dei,
2862 2340 3003 2395 sicut
3037 2341 3090 2394 in
3120 2341 3359 2409 Epistola
3379 2339 3444 2392 ad

1868 2432 2150 2489 Romanos
2179 2435 2319 2489 dixit
2350 2435 2422 2489 ".
2486 2452 2505 2486 ι
2537 2433 2594 2486 lu
2660 2441 2863 2503 punctu
2910 2432 3194 2500 temporis.
3228 2450 3247 2483 ι
3314 2430 3445 2486 Rem

1869 2527 2031 2581 etiam
2058 2526 2437 2580 admirandam
2485 2508 2792 2593 dixitquod
2828 2532 2977 2577 tanta
3034 2524 3313 2577 miracula
3346 2523 3448 2575 im-

1868 2618 2212 2687 perceptihili
2238 2625 2402 2672 erunt
2427 2626 2670 2686 tempore
2697 2616 2860 2670 simul
2901 2631 3023 2668 cum
3078 2630 3211 2669 sono
3270 2615 3443 2668 tubae:

1864 2738 1936 2749 -
1967 2707 2345 2779 Interrogatio.
2376 2710 2643 2774 Quoniam
2688 2707 2845 2777 juxta
2874 2706 3123 2777 quadam
3168 2706 3445 2775 exempla-

1868 2800 1971 2864 ria,
2008 2799 2281 2856 habentur
2319 2799 2432 2855 haac
2473 2800 2718 2869 Apostoli
2748 2800 2911 2853 verba
2955 2817 2969 2855 :
3013 2816 3032 2850 ι
3097 2796 3303 2853 Omnes
3320 2797 3443 2867 qui-

1867 2893 1989 2947 dem
2021 2892 2381 2955 dcrmiemus,
2441 2900 2497 2945 at
2523 2907 2633 2945 non
2690 2905 2895 2945 omnes
2945 2889 3377 2943 immutahimur.
3420 2906 3439 2939 ι

1873 2979 2188 3036 Secundum
2233 2981 2499 3034 nonnulla
2545 2995 2671 3035 vero
2705 2996 2720 3035 :
2756 2998 2773 3029 ι
2807 2977 2925 3033 Νοη
2958 2992 3151 3031 omnes
3223 2977 3441 3046 quidem

1867 3071 2229 3133 durmiemus.
2268 3086 2461 3125 omnes
2502 3079 2681 3124 tamen
2716 3069 3155 3133 immutabimur;
3188 3086 3206 3118 ι
3249 3082 3444 3135 precor

1865 3164 2052 3219 doceri
2091 3176 2266 3217 utram
2302 3164 2602 3218 editionum
2622 3162 2823 3230 eligere
2861 3169 3133 3230 oporteat,
3187 3169 3241 3214 et
3293 3162 3440 3228 quod

1866 3273 1961 3327 per
1984 3257 2095 3310 liaac
2126 3254 2867 3326 signiﬁcetur.—Respomio.
2885 3252 3093 3322 Opinor
3121 3251 3265 3321 quod
3287 3251 3438 3320 juxta

1865 3358 2155 3418 utramque
2180 3347 2505 3412 editionem,
2528 3346 2969 3415 quandoquidem
3004 3352 3187 3397 vetera
3219 3359 3438 3412 quoque

1864 3440 2201 3509 exemplaria
2239 3449 2531 3508 utramque
2561 3438 2862 3499 continent,
2895 3436 2939 3490 si
2994 3437 3118 3505 quis
3159 3439 3242 3504 pie
3289 3436 3435 3487 acci-

1866 3533 1978 3603 piat
1996 3547 2102 3587 non
2130 3530 2342 3585 excidet
2365 3530 2431 3584 ab
2460 3530 2763 3584 intentione
2782 3530 3050 3595 Apostoli.
3078 3528 3258 3597 Itaque
3281 3528 3435 3593 juxta

1865 3625 1995 3679 illud
2012 3623 2231 3694 quidem
2264 3642 2282 3674 ι
2304 3622 2505 3679 Omnes
2529 3622 2885 3688 dormiemus,
2914 3628 2969 3673 at
2988 3636 3097 3673 non
3127 3635 3319 3673 omnes
3337 3620 3436 3671 in:-

1868 3717 2221 3777 rnutahimur,
2270 3733 2289 3765 ι
2344 3714 2749 3781 itaintclligere
2781 3718 3018 3780 oportet,
3046 3710 3191 3780 quod
3246 3724 3437 3763 omnes

1867 3822 1999 3864 sane
2034 3822 2129 3876 per
2156 3814 2385 3860 mortem
2417 3804 2802 3859 dormitionem
2833 3817 2896 3856 ac
2944 3816 3194 3855 somnum
3232 3801 3435 3854 tolera-

1865 3900 2046 3953 bimus
2086 3916 2099 3952 :
2154 3904 2209 3949 at
2239 3911 2347 3949 non
2376 3910 2568 3949 omnes
2605 3892 2671 3947 ad
2728 3892 2957 3962 gloriam
3016 3906 3080 3945 ac
3132 3890 3435 3944 libertatem

1864 3990 2281 4045 immutabimur
2315 4006 2331 4043 :
2356 3985 2500 4057 quod
2524 3987 2640 4055 ipse
2669 3984 2965 4055 Apostolus
2992 3983 3121 4037 alibi
3150 3983 3324 4051 ponit,
3355 3982 3438 4035 di-

1867 4097 1997 4136 cens
2018 4081 2301 4150 apertius:
2336 4098 2354 4130 ι
2390 4079 2446 4132 Si
2488 4086 2671 4131 tamen
2717 4076 2928 4139 veStiti,
2965 4090 3076 4128 non
3120 4074 3250 4128 nudi
3284 4073 3439 4126 inve-

1867 4177 2080 4227 niemur
2132 4173 2199 4226 ⁸³.
2245 4191 2263 4223 ι
2298 4170 2456 4224 Juxta
2512 4170 2613 4229 hoc
2657 4184 2787 4224 vero
2827 4186 2840 4221 :
2878 4186 2895 4219 ι
2938 4166 3054 4222 Non
3099 4183 3288 4221 omnes
3318 4166 3442 4236 qui-

1866 4266 1985 4319 dem
2012 4264 2371 4326 dormiemus,
2401 4276 2592 4315 omnes
2622 4269 2804 4313 tamen
2833 4258 3299 4319 immutahimur,»
3339 4260 3440 4313 huc

1866 4354 2027 4408 modo
2055 4360 2273 4424 oportet
2317 4353 2591 4420 accipere,
2622 4350 2766 4420 quod
2800 4366 2903 4403 non
2934 4348 3274 4404 dormiemus
3306 4365 3441 4404 sane

1865 4447 2127 4501 diuturna
2152 4443 2509 4504 dormitione.
2539 4450 2597 4496 ut
2627 4458 2766 4511 opus
2788 4441 2862 4497 sit
2891 4442 3144 4511 sepulcro
3200 4457 3263 4496 ac
3290 4442 3442 4495 solu-

1869 4543 2016 4597 tione
2048 4541 2115 4596 ad
2145 4540 2580 4609 corruptionem,
2614 4538 2710 4592 sed
2742 4538 2960 4591 brevem
2989 4546 3217 4592 mortem
3269 4538 3440 4591 susti-

1868 4636 2077 4689 nehunt
2105 4632 2247 4702 quod
2277 4640 2404 4685 tuuc
2423 4629 2767 4698 reperientur
2791 4647 2805 4684 :
2835 4631 3155 4698 quibusnon
3175 4631 3278 4683 erit
3300 4645 3439 4701 opus

1869 4727 2128 4781 diuturna
2148 4725 2505 4787 dormitione,
2539 4731 2764 4793 propter
2803 4722 3003 4777 factam
3044 4723 3227 4777 subito
3256 4737 3441 4777 resur-

1867 4819 2166 4874 rectionem
2197 4834 2212 4883 ;
2243 4830 2437 4869 omnes
2479 4826 2656 4868 tamen
2689 4814 3160 4877 immutabuntur,
3200 4814 3302 4867 hoc
3328 4821 3438 4879 est,

1866 4911 2096 4965 induent
2140 4909 2629 4977 incorruptionem.
2695 4925 2714 4957 ι
2750 4906 2923 4959 Canet
2954 4906 3121 4960 enim.
3156 4924 3175 4957 ι
3238 4903 3441 4960 Deinde

1865 5001 1970 5058 ﬁde
1995 5003 2219 5071 dignum
2251 4998 2549 5054 ostendens
2596 4997 2647 5052 id
2690 4998 2834 5066 quod
2887 4997 2955 5051 de
3014 4997 3099 5053 his
3140 5012 3259 5067 quat.
3309 4998 3439 5051 ﬁent

1866 5094 2072 5148 dictum
2096 5102 2199 5156 est,
2241 5089 2318 5144 ait
2355 5108 2368 5145 :
2412 5106 2429 5140 ι
2469 5089 2641 5144 Canet
2662 5089 2807 5143 enim
2844 5091 2969 5143 tuha
3011 5090 3099 5142 illa
3134 5089 3436 5154 tremenda,

1866 5191 1922 5239 et
1946 5181 2149 5236 mortui
2190 5187 2499 5251 resurgent,
2541 5198 2560 5231 ι
2595 5178 2872 5233 immutati
2904 5178 3155 5233 videlicet
3177 5189 3233 5233 et
3263 5179 3441 5234 incor-

1868 5270 2047 5340 rupti;
2072 5276 2126 5323 et
2155 5282 2278 5330 nos,
2310 5260 2529 5328 hoeest,
2557 5265 2650 5335 qui
2681 5264 2749 5319 ad
2769 5263 2825 5320 id
2846 5273 3061 5336 tempus
3080 5266 3438 5336 relinquimur

1871 5362 2150 5426 viventes;
2185 5375 2309 5413 nam
2338 5358 2405 5412 de
2436 5357 2545 5413 illis
2574 5366 2760 5413 etnon
2792 5359 2859 5413 de
2890 5360 3074 5427 seipso
3105 5359 3238 5413 dicit
3269 5376 3284 5414 :
3331 5377 3351 5412 ι
3380 5370 3438 5417 et

1865 5469 1964 5508 nos
2020 5454 2188 5523 igitur
2216 5450 2645 5506 immutabimur.
2690 5469 2709 5502 ι
2770 5451 2827 5504 In
2883 5450 2969 5503 bis
2996 5449 3141 5504 enim
3188 5467 3295 5506 non
3330 5452 3437 5507 erit

1864 5546 2149 5601 suscitatio
2182 5561 2197 5598 :
2230 5559 2354 5598 cum
2383 5559 2492 5597 non
2526 5542 2877 5604 dormierint,
2918 5541 3014 5597 sed
3066 5548 3275 5597 tantum
3332 5543 3436 5598 im-

1865 5638 2115 5692 mutatio.
2178 5635 2339 5706 530
2388 5633 2589 5689 Mortui
2623 5633 2839 5703 quidem
2885 5632 2978 5703 qui
3014 5641 3171 5687 antea
3232 5631 3459 5691 mortuis

261 5814 303 5842 “
340 5815 529 5882 Apoc.
575 5827 660 5876 τι,
686 5827 803 5876 rm,
838 5827 911 5874 rx,
948 5826 1000 5874 ιι,
1031 5827 1102 5867 λι.
1181 5812 1223 5844 θ’
1252 5811 1408 5865 Rom.
1455 5828 1569 5877 vm,
1607 5812 1699 5867 2|.

1870 5808 1905 5864 Il
1936 5810 2061 5865 Cor.
2096 5825 2144 5873 ν,
2172 5808 2226 5862 3.
