4204 6464
170 413 268 475 897

1129 411 1517 472 COMMENT.
1549 413 1626 472 IN
1667 413 1963 479 EPIST.1
2009 418 2106 478 AD
2157 423 2513 486 CORINTH.

3317 439 3423 501 898

165 513 252 566 λον
283 513 597 568 πεπαῦσθαι
668 515 954 586 νομίσωσι,
1013 517 1107 570 καὶ
1143 519 1234 572 τὸν
1279 520 1580 591 νομοθέτην
1613 522 1742 592 βλα-

1852 527 2128 598 subiungit
2163 549 2174 584 :
2221 551 2238 584 ι
2279 533 2388 587 Deo
2421 547 2598 590 autem
2635 539 2702 593 sit
2751 540 2969 610 gratia;
3005 561 3022 593 ι
3065 543 3165 598 hoc
3194 556 3298 609 est,
3346 549 3423 601 le-

166 611 546 678 σςημήσωσιν,
598 610 817 678 satira?
854 629 871 662 ι
915 611 1006 681 Τῷ
1045 611 1102 664 δὲ
1145 612 1266 683 Θεῷ
1313 614 1502 685 χάρις’
1535 633 1553 666 ι
1604 611 1736 683 οἷον,

164 701 236 767 τῷ
277 701 334 754 δὲ
367 703 634 775 νομοθέτῃ
679 703 798 776 Θεῷ
839 706 936 758 καὶ
962 705 1142 777 [Iatth
1195 705 1290 759 τοῦ
1335 707 1542 778 Κυρίου
1583 712 1739 777 ἡμῶν

175 792 346 860 Ἰησοῦ
376 795 557 866 χάρις.
576 796 746 860 Αὐτὸς
777 798 886 867 γὰρ
917 799 1010 851 καὶ
1039 799 1322 869 τὸνζνὸμον
1350 800 1491 853 κατά
1517 804 1741 872 καιροὺς

165 886 513 955 συμφέροντα
536 887 724 952 ἔδωκε,
753 889 848 942 καὶ
877 891 1050 962 τούτῳ
1073 891 1230 962 ἡμῶν
1257 895 1336 957 είς
1375 894 1528 965 ἰσχὺν
1561 895 1741 966 ἁμαρ-

163 977 277 1038 τίας
309 981 790 1050 ἀποχρησαμένων
816 982 911 1034 καὶ
947 984 1407 1054 κραταιωσάντων
1435 986 1533 1058 τὴν
1562 987 1742 1058 ἀμαρ-

162 1063 302 1126 τίαν,
346 1067 510 1129 αὐτὸς
543 1068 704 1122 πάλιν
754 1070 846 1122 διὰ
881 1073 974 1124 τοῦ
1023 1073 1154 1126 Υἱοῦ
1190 1076 1357 1129 αὑτοῦ
1393 1078 1487 1130 τοῦ
1531 1079 1739 1149 Κυρίου

164 1154 319 1222 ἡμῶν
393 1157 563 1225 Ἰησοῦ
601 1159 862 1229 Χριστοῦ,
903 1161 1104 1216 ἔδωκεν
1135 1166 1268 1236 ἡμῖν
1301 1165 1362 1218 τὸ
1401 1167 1524 1221 κατ’
1569 1168 1740 1240 αὐτῆς

163 1247 580 1316 ἀναμφήριστον
613 1251 812 1320 κράτος
846 1254 937 1306 καὶ
970 1259 1136 1318 νῖκος.

229 1337 437 1401 Ὥστε,
461 1337 713 1408 ἀδελφοί
741 1359 856 1409 μου
882 1345 1198 1413 ἀγαπητοὶ,
1222 1349 1445 1416 ἑδραῖοι
1477 1353 1737 1422 γίνεσθε,

162 1429 616 1496 ἀμετακίνητοι,
674 1437 1144 1504 περισσεύοντες
1188 1440 1258 1494 ἐν
1294 1441 1374 1506 τῷ
1425 1442 1577 1512 ἔργῳ
1632 1445 1740 1500 τοῦ

163 1521 383 1586 Κυρίου
416 1522 695 1587 πάντοτε,
725 1527 952 1593 ειδότες
983 1528 1072 1582 ὅτι
1109 1533 1142 1584 ὀ
1181 1532 1368 1599 κόπος
1402 1533 1587 1603 ὑμῶν,
1628 1538 1740 1591 οὐκ

163 1609 297 1663 ἔστι
334 1613 510 1678 κενὸς
536 1614 607 1665 ἐν
637 1619 853 1683 Κυρίῳ.

245 1701 404 1755 Ἐπεὶ
436 1700 532 1757 οὖν
565 1704 788 1774 ἔγνωτε,
818 1713 970 1779 φησὶ,
1007 1712 1180 1766 ταῦτα
1205 1714 1376 1779 οὕτως
1408 1717 1575 1786 ἔχειν,
1604 1715 1743 1772 εἷναί

162 1807 216 1844 τε
247 1793 548 1847 ἀνάστασιν
579 1799 670 1849 καὶ
720 1799 957 1867 ἀμοιϐὰς
995 1801 1174 1855 καλῶν
1217 1806 1309 1856 καὶ
1341 1805 1580 1872 φαύλων,
1614 1809 1744 1878 στή-

163 1899 312 1936 κετε.
380 1884 733 1940 Ἐσαλεύοντο
789 1890 898 1959 γάρ
956 1893 1083 1963 περὶ
1135 1893 1194 1945 τὸ
1251 1896 1349 1964 τῆς
1393 1897 1743 1962 ἀναστάσεως

167 1976 493 2046 μυστήριον,
543 1981 636 2032 καὶ
683 1980 778 2034 τοῦ
829 1983 944 2053 βίου
1011 1986 1266 2056 ῆμέλουν,
1298 1989 1372 2052 ὡς
1422 1990 1521 2043 οὐκ
1580 1991 1744 2060 οὔσης

162 2065 536 2124 ἀναστάσεως.
585 2067 719 2127 Εἶτά
750 2091 909 2143 φησι·
943 2094 960 2126 ι
984 2078 1094 2129 Καὶ
1129 2079 1545 2147 περισσεύοντες
1577 2084 1634 2134 ἐν
1669 2083 1746 2152 τῷ

164 2157 315 2228 ἔργῳ
356 2160 451 2212 τοῦ
484 2161 643 2227 Θεοῦ,
679 2183 698 2215 ι
734 2166 795 2218 οὐ
833 2166 994 2235 μόνον
1027 2167 1157 2220 αὐτὸ
1202 2169 1582 2241 ἐργαζόμενοι,
1612 2174 1746 2228 ἀλλά

164 2255 255 2302 καὶ
295 2253 721 2322 περισσεύοντες
741 2259 798 2310 ἐν
831 2263 1096 2329 χρησταῖς
1115 2263 1398 2330 πράξεσιν.
1439 2284 1457 2315 ι
1501 2265 1558 2318 ’0
1581 2268 1747 2330 κόπος

165 2343 322 2413 ὑμῶν
371 2346 473 2398 οὐκ
515 2345 632 2400 ἔστι
674 2350 831 2412 κενὸς
865 2354 923 2403 ἐν
955 2352 1165 2424 Κυρίῳ,
1206 2373 1224 2406 ι
1259 2355 1319 2409 ὃν
1364 2357 1458 2411 νῦν
1489 2360 1745 2429 κάμνετε,

166 2440 352 2506 φησὶν,
387 2439 502 2492 ἀλλ’
558 2440 709 2495 ἔσται
740 2443 904 2497 αὐτοῦ
951 2446 1154 2516 ἀμοιϐὴ
1187 2450 1340 2518 παρὰ
1372 2450 1530 2504 Θεοῦ.
1569 2452 1640 2504 Τὸ
1669 2453 1746 2518 δὲ,

173 2544 189 2576 ι
230 2528 324 2581 Ἐν
353 2529 570 2600 Κυρίῳ,
591 2551 608 2583 ι
632 2534 866 2604 νοήσεις,
895 2535 952 2604 ἦ,
976 2540 1002 2589 ὁ
1021 2538 1080 2588 ἐν
1103 2538 1291 2608 Κυρίῳ
1321 2541 1506 2603 κόπος,
1527 2541 1583 2613 ἦ,
1601 2543 1750 2614 παρὰ

168 2618 361 2688 Κυρίῳ
388 2620 446 2672 οὗ
493 2624 944 2696 ματαιωθήσεται
976 2628 1005 2680 ὁ
1032 2629 1220 2693 κόπος.

234 2809 375 2874 Περὶ
410 2800 478 2860 δὲ
504 2803 614 2876 τῆς
641 2809 854 2876 λογίας
882 2809 992 2877 τῆς
1012 2813 1099 2877 εις
1125 2813 1268 2877 τοὺς
1292 2815 1520 2883 ἁγίους,
1545 2816 1750 2888 ὥσπερ

164 2898 407 2963 διέταξε
439 2901 572 2963 ταῖς
613 2902 1005 2968 Ἐκκλησιάις
1045 2902 1157 2972 τῆς
1199 2908 1525 2973 Γαλατίας,
1563 2909 1753 2977 οὕτως

166 2991 260 3043 καὶ
299 2991 475 3060 ὑμεῖς
515 2994 832 3060 ποιήσατε,
865 2996 1016 3048 κατὰ
1055 2998 1204 3064 μίαν
1238 3000 1574 3064 Σαϐὅιὶτων,
1617 3003 1752 3055 ἕκα-

165 3095 314 3146 στος
367 3079 534 3149 ὑμῶν
571 3084 710 3150 παρ’
749 3086 942 3150 ἐαυτῷ
994 3086 1197 3142 τιθέτω
1228 3091 1598 3158 ϐησαιμρίζωῖ
1639 3092 1671 3143 ὅ
1696 3110 1747 3145 τι

1845 622 2087 690 gislatori
2116 629 2299 677 autem
2353 624 2462 678 Deo
2505 637 2557 680 et
2602 627 2748 683 Patri
2801 629 3019 686 Domini
3067 637 3238 689 nostri
3293 636 3421 692 Jesu

1845 713 2046 769 Christi
2083 715 2154 769 sit
2185 718 2379 784 gratia.
2416 715 2533 786 lpse
2561 719 2702 772 enim
2731 732 2783 774 et
2853 723 3025 792 legem
3089 729 3427 796 temporibus

1845 806 1963 860 suis
1991 805 2175 860 utilem
2210 807 2360 862 dedit
2391 823 2404 858 :
2449 816 2501 862 et
2551 823 2675 862 cum
2708 825 2807 864 nos
2843 811 2944 866 hac
2971 814 3035 867 ad
3092 817 3298 884 peccati
3331 833 3422 872 ro-

1843 898 1949 953 bur
1980 898 2136 954 abusi
2176 915 2447 958 essemus.
2480 914 2542 954 ac
2574 914 2858 972 peccatum
2914 905 3423 975 conﬂrmassemus,
3509 921 3516 930 '

1845 1007 2066 1047 rursum
2097 995 2212 1066 ipse
2244 1013 2340 1067 per
2382 997 2579 1054 Filium
2634 1019 2792 1058 suum
2842 1006 3133 1061 Dominum
3174 1017 3423 1063 nostrum

1846 1082 2030 1141 Jesum
2054 1087 2334 1145 Christum
2367 1094 2516 1147 dedit
2548 1095 2704 1150 nobis
2733 1099 2996 1154 adversus
3025 1101 3200 1169 ipsum
3229 1116 3428 1171 pecca-

1846 1184 1960 1232 tum
1995 1189 2204 1234 certum
2223 1183 2390 1238 robur
2422 1200 2486 1239 ac
2513 1184 2876 1242 indubitatam
2898 1189 3203 1244 victoriam.

1923 1343 2036 1409 XV,
2063 1345 2183 1409 1-4,
2215 1345 2428 1417 Itaque,
2449 1347 2649 1416 fratres
2682 1349 2782 1402 mei
2801 1348 3005 1412 dilecti,
3030 1349 3246 1403 stabiles
3277 1348 3422 1412 sitis,

1846 1439 2162 1503 immobiles,
2220 1440 2550 1494 abundantes
2609 1441 2666 1494 in
2723 1457 2872 1508 opere
2923 1441 3140 1494 Domini
3195 1458 3421 1509 semper.

1847 1531 2066 1584 scientes
2119 1535 2258 1596 quod
2285 1532 2434 1584 labor
2459 1541 2624 1585 vester
2691 1549 2793 1586 non
2853 1534 2922 1585 sit
2964 1535 3140 1587 inanis
3199 1534 3253 1586 in
3310 1532 3424 1587 Do-

1849 1622 2013 1674 mino.

1921 1713 2190 1778 Quoniam
2228 1729 2356 1783 ergo
2382 1714 2516 1778 haec,
2555 1715 2749 1784 inquit,
2779 1715 2850 1768 ita
2881 1731 2941 1770 se
2990 1715 3194 1770 habere
3227 1730 3258 1768 n
3287 1715 3425 1778 istis,

1850 1814 1902 1856 et
1952 1820 2072 1857 esse
2103 1807 2582 1868 resurrectionem,
2615 1820 2678 1858 ac
2736 1807 3003 1860 honorum
3052 1817 3106 1861 et
3157 1809 3426 1860 malorum

1853 1894 2286 1954 i'etri‘outimicm.
2315 1904 2456 1947 state
2488 1909 2500 1946 :
2546 1910 2668 1947 nam
2697 1893 3035 1950 ﬂuctuabant
3069 1900 3211 1950 circa
3245 1912 3430 1950 resur-

1853 1987 2112 2041 rectionis
2129 1988 2469 2057 mysterium,
2495 1987 2770 2057 vitamque
2783 1990 3149 2058 negligebant,
3171 1998 3426 2059 tanqmim

1853 2095 1959 2132 non
1985 2086 2130 2132 esset
2152 2078 2507 2132 resurrectio.
2525 2077 2731 2132 Deinde
2755 2081 3008 2132 aitctiam
3041 2095 3052 2130 :
3085 2099 3102 2130 ι
3128 2080 3431 2133 Abundan-

1851 2179 1931 2224 tcs
1963 2172 2014 2224 in
2049 2185 2213 2239 opere
2247 2169 2457 2222 Domini
2485 2186 2501 2237 ;
2539 2189 2557 2221 ι
2587 2186 2696 2222 non
2725 2171 2901 2222 solum
2923 2170 2976 2223 in
3019 2186 3081 2224 eo
3116 2179 3427 2239 operantes,

1850 2277 2038 2315 verum
2070 2264 2231 2315 etiam
2261 2262 2602 2314 abundantes
2623 2260 2781 2315 bonis
2839 2262 3167 2316 actionibus.
3203 2281 3220 2312 ι
3254 2263 3432 2316 Labor

1851 2362 2030 2408 vester
2063 2369 2168 2405 non
2199 2353 2270 2406 sit
2300 2351 2480 2405 inanis
2544 2352 2596 2403 in
2631 2350 2882 2412 Domino.
2932 2369 2951 2404 ι
3006 2367 3115 2420 quo
3148 2368 3314 2412 nunc,
3348 2352 3433 2403 in-

1850 2446 1988 2514 quit,
2027 2444 2312 2505 laboratis,
2337 2444 2429 2496 sed
2455 2443 2574 2510 ejus
2593 2445 2696 2495 erit
2745 2443 3075 2497 retributioa
3115 2442 3242 2496 Deo.
3273 2440 3429 2507 Quod

1852 2547 2032 2589 autent
2067 2537 2235 2599 dicit,
2261 2555 2278 2586 ι
2314 2534 2373 2588 lu
2406 2533 2656 2597 Domino,
2686 2553 2705 2586 ι
2752 2535 3011 2604 intellige,
3045 2536 3126 2588 vel
3154 2534 3305 2587 labor
3336 2534 3430 2602 qui

1850 2640 1934 2684 est
1966 2630 2016 2681 in
2049 2627 2299 2692 Domino,
2339 2628 2422 2682 vel
2453 2645 2482 2681 a
2515 2627 2746 2680 Domino
2801 2642 2910 2680 non
2957 2627 3246 2680 habebitur
3275 2627 3426 2680 labet

1849 2721 2052 2774 inanis.

1927 2809 2200 2879 XVlJ-i.
2219 2809 2481 2865 Cancrum
2501 2813 2562 2863 de
2581 2809 2887 2864 collectione
2910 2811 2961 2863 in
2994 2819 3203 2863 sanctos
3218 2853 3226 2869 .
3244 2823 3430 2877 quam-

1853 2907 2137 2956 aiimodum
2165 2902 2388 2968 ιιι-σεσερὶ
2413 2898 2667 2953 Ecclesiis
2713 2899 2962 2965 Galatiae,
2996 2899 3156 2969 582
3178 2901 3254 2951 ita
3275 2909 3321 2951 et
3343 2913 3431 2952 vos

1852 2995 2034 3064 facile.
2068 2992 2132 3044 In
2165 3009 2266 3043 uno
2296 2990 2650 3044 Sabbutorum
2686 2992 3042 3060 unusquisque
3073 2995 3212 3056 apud
3253 3007 3306 3043 se
3341 3006 3432 3058 po-

1856 3095 1969 3148 nat,
2006 3087 2288 3138 recondcns
2323 3083 2577 3152 quidquid
2605 3081 2940 3134 (omnwdum
2971 3082 3127 3151 fuerit
3157 3100 3168 3133 :
3200 3097 3280 3145 ne,
3314 3096 3431 3133 cum

164 3169 238 3224 ἂν
265 3171 581 3237 εὐοδῶται,
625 3177 726 3229 ἵνα
751 3179 840 3246 μὴ
887 3179 1033 3233 ὅταν
1074 3183 1228 3236 ἔλθω
1257 3187 1389 3236 τότε
1425 3190 1623 3255 λογίαι
1667 3188 1747 3256 γί-

1854 3196 2058 3239 emero,
2095 3189 2216 3228 tunc
2250 3175 2580 3227 collectioues
2624 3175 2778 3241 ﬁunt.
2846 3173 2948 3226 Ubi
2997 3183 3171 3225 autem
3214 3188 3431 3237 venero,

165 3281 410 3319 νων-ται.
445 3265 630 3320 Ὅταν
657 3268 726 3321 δὲ
756 3272 1195 3342 παραγένωμαι,
1229 3276 1336 3339 οὓς
1359 3277 1468 3330 ἐὰν
1504 3279 1743 3347 δοκιμά-

165 3371 314 3423 σητε
345 3358 419 3408 δι’
444 3358 806 3426 ἐπιστολῶν,
838 3364 1090 3430 τούτους
1125 3365 1361 3435 πέμψω,
1391 3370 1749 3439 ἀπενεγκεῖν

165 3451 279 3514 τήν
301 3447 488 3516 χάριν
515 3452 680 3521 ὑμῶν
697 3457 784 3520 εἷς
808 3455 1222 3524 Ἰερουσαλήμ.
1255 3457 1390 3511 Ἐὰν
1409 3459 1476 3510 δὲ
1505 3455 1544 3530 ᾖ
1577 3461 1749 3523 ἄξιον

167 3536 271 3589 τοῦ
304 3540 463 3606 κάμὲ
501 3545 880 3607 πορεύεσθαι,
917 3543 1039 3597 σὺν
1065 3545 1191 3610 ἐμοὶ
1228 3546 1645 3613 πτρεύσονται.

249 3631 598 3702 ’Λπαρτίσας
630 3632 720 3687 tt‘Iv
751 3637 878 3704 περὶ
918 3636 1206 3705 δογμάτων
1239 3635 1416 3704 λόγον,
1459 3640 1538 3700 εἰς
1569 3638 1628 3691 τὸ
1661 3657 1751 3691 κε-

168 3727 403 3793 φάλαιον
425 3725 535 3778 τῶν
554 3727 783 3796 ἀρετῶν,
811 3727 910 3794 τὴν
944 3729 1316 3798 ἐλεημοσύνην
1350 3725 1502 3799 ἦλθε.
1536 3731 1752 3799 Λογίας

166 3817 220 3869 δὲ
250 3819 406 3887 λέγει
433 3861 450 3883 ,
487 3819 586 3888 τὴν
612 3818 898 3890 συλλογὴν,
935 3819 1134 3888 κοῦφον
1163 3823 1226 3874 ἐκ
1256 3822 1560 3892 προοιμίων
1585 3821 1753 3876 ποιῶν

166 3909 226 3960 τὸ
269 3913 533 3978 πρᾶγμα.
576 3910 648 3961 Τὸ
687 3909 796 3977 γάρ
837 3912 901 3962 ἐκ
951 3910 1162 3962 πολλῶν
1229 3912 1752 3981 συνεισφερόμενον,

169 4001 376 4067 κοῦφον
410 4000 647 4066 ἑκάστῳ.
687 3997 821 4053 Εἶτα
850 4002 928 4063 εἰς
965 4000 1125 4070 ζῇλον
1159 4002 1354 4064 αὐτοὺς
1383 4003 1524 4070 ἄγει,
1567 4004 1756 4075 διηγή-

169 4109 249 4143 σει
278 4092 392 4143 τῶν
428 4092 638 4161 ἑτέροις
667 4092 1142 4162 κατορθωθέντων.
1170 4094 1382 4164 Ὥσπερ
1411 4095 1540 4164 γάρ,
1568 4097 1752 4163 φησιν,

171 4186 218 4236 οἱ
256 4184 504 4236 Γαλάται
545 4177 900 4252 πεποιήκασι.
947 4184 1088 4253 Ὅρα
1133 4184 1188 4237 δὲ
1230 4185 1348 4246 πῶς
1404 4186 1658 4256 ἐμφαίνει
1697 4188 1758 4239 τὸ

170 4279 482 4344 ἀναγκαῖον
507 4275 600 4328 τοῦ
634 4276 942 4345 γινομένου.
984 4295 1001 4326 ι
1029 4278 1260 4346 Ὤςπερ,
1291 4278 1444 4347 φησὶ,
1473 4278 1706 4341 διέταξα.
1734 4297 1751 4330 ι

171 4367 243 4417 Οὐ
271 4368 383 4433 γάρ
425 4360 569 4427 εἷπε,
608 4364 912 4434 ΙΙαρῄνεσα,
940 4363 996 4433 ἦ,
1031 4366 1564 4436 Συνεϐουλευσὰμην,
1600 4366 1755 4431 ἀλλὰ,

170 4460 434 4522 Διέταξα,
471 4457 545 4526 τῷ
583 4457 723 4525 μετὰ
753 4456 1040 4520 αὑθεντίας
1082 4457 1336 4522 ἐπιτάξαι
1367 4459 1543 4527 δηλῶν
1571 4460 1633 4512 τὸ
1663 4459 1756 4512 τοῦ

1851 3286 2184 3346 quoscunque
2211 3266 2559 3334 proburu‘itts
2579 3280 2670 3335 per
2715 3265 2993 3333 epistolas,
3054 3264 3146 3315 hos
3197 3265 3432 3324 mittam,

1852 3379 1903 3419 ut
1935 3361 2449 3433 pes-[eruntgratiam
2490 3369 2712 3410 vestrum
2749 3357 3146 3427 h'ierowiynta.
3201 3353 3348 3417 Quod
3389 3354 3435 3406 si

1852 3460 2068 3525 dignum
2097 3452 2257 3520 luerit
2287 3459 2339 3501 ut
2367 3459 2526 3501 etiam
2559 3449 2666 3515 ipse
2688 3450 3022 3516 proﬁciscar,
3088 3463 3287 3499 mei-unt
3313 3481 3323 3514 ,
3347 3462 3435 3500 i=0-

1853 3551 2178 3618 [icisceutun

1928 3643 2230 3711 lixplclodc
2256 3637 2602 3710 dOg...aIibus
2625 3651 2878 3690 Sermone
2905 3633 2972 3689 ad
3000 3635 3256 3688 virtutum
3287 3649 3437 3687 sum-

1859 3749 2001 3787 mam
2057 3732 2226 3794 venit,
2277 3745 2468 3798 nempe
2521 3731 2950 3798 cleemusyuam.
2991 3726 3186 3794 Λογίας
3253 3736 3435 3780 autem

1855 3829 1988 3882 dicit
2024 3844 2034 3878 :
2064 3824 2478 3886 Collectioucm,
2515 3837 2624 3876 rem
2655 3821 2707 3873 in
2737 3819 2976 3874 exordiis
3006 3820 3176 3873 levem
3205 3818 3434 3873 iaciens.

1857 3916 2001 3987 quod
2021 3917 2164 3970 enim
2192 3915 2261 3967 ab
2293 3915 2565 3967 universis
2592 3913 2646 3965 in
2686 3927 2853 3964 unum
2887 3910 3295 3974 conferebatur,
3322 3911 3439 3962 sin-

1857 4013 1998 4080 gulis
2033 4010 2149 4063 leve
2173 4017 2312 4062 erat.
2350 4006 2554 4061 Deinde
2588 4007 2653 4059 ad
2683 4005 3084 4058 aemulationem
3133 4019 3227 4058 eos
3263 4004 3436 4063 ducit.

1860 4104 2176 4159 narratione
2205 4116 2393 4156 eorum
2428 4115 2549 4168 quas
2586 4099 2653 4150 ab
2677 4097 2798 4150 aliis
2823 4109 2971 4151 reetc
2993 4106 3111 4149 acta
3136 4103 3290 4149 erant
3322 4112 3332 4146 :
3364 4099 3439 4148 ait

1862 4198 2012 4252 enim
2038 4216 2048 4250 :
2073 4193 2543 4261 Quemadmodum
2569 4191 2773 4242 Galatae
2805 4187 3074 4242 iecerunt.
3099 4184 3232 4240 Vide
3255 4195 3435 4239 autem

1861 4291 2140 4358 quomodo
2167 4288 2423 4341 ostendat
2449 4285 2525 4337 rei
2563 4283 2974 4337 neceSsitatem.
3018 4301 3036 4332 ‹
3069 4279 3439 4345 Quemadmu-

1861 4385 2014 4445 dum,
2036 4381 2236 4449 inquit,
2264 4379 2520 4449 praecepi.
2553 4397 2570 4430 ι
2595 4373 2779 4443 Neque
2802 4375 2946 4427 enim
2966 4373 3116 4438 dicit,
3142 4372 3440 4459 Admonui,

1863 4485 1954 4528 aut
1974 4473 2157 4532 Suasi,
2187 4472 2304 4531 sed,
2334 4467 2563 4538 praerepi
2600 4481 2694 4535 per
2721 4465 2936 4534 jussum
2967 4479 3086 4517 cum
3117 4463 3440 4516 auctoritate

174 4552 513 4622 πράγματος
554 4549 927 4618 ἀπαραίτητόν
961 4567 1020 4602 τε
1057 4549 1152 4603 καὶ
1189 4552 1508 4619 ἀναγκαῖον.
1547 4572 1565 4604 ι
1603 4555 1753 4607 Κατὰ

1865 4561 2182 4631 signiﬁcans
2204 4557 2570 4611 inevitabilem
2605 4555 2683 4608 rei
2750 4555 3156 4607 neci-ssitatem.
3192 4571 3209 4602 ι
3243 4551 3298 4604 lu
3332 4567 3439 4604 uno

175 4645 309 4714 μίαν
350 4643 674 4697 Σαὸὄὰτων.
714 4662 732 4694 ι
783 4645 928 4697 Μίαν
991 4643 1287 4698 Σαὸὃὰτων
1330 4646 1428 4717 τὴν
1475 4647 1763 4717 Κυριακὴν

172 4736 348 4804 λέγει,
391 4736 488 4787 καὶ
527 4735 635 4787 άπὸ
663 4735 762 4803 τῆς
791 4737 1005 4804 ἡμέρας
1053 4737 1221 4804 αὐτῆς
1254 4738 1346 4789 ἐπὶ
1392 4737 1762 4808 ἐλεημοσύνην

174 4826 656 4897 προτρεπόμενος,
690 4826 800 4877 τῶν
830 4829 887 4878 ὲν
917 4827 1054 4894 αὐτῇ
1091 4829 1410 4896 μυστηρίων
1450 4829 1766 4897 ὑπομιμνήο

176 4937 351 4974 σκων.
391 4937 410 4970 ι
449 4920 586 4988 Παρ⁹
643 4917 821 4988 ἑαυτῷ
862 4917 1078 4971 τιθέτω.
1115 4936 1134 4969 ›
1191 4919 1574 4989 Προνοητικῶς
1620 4919 1760 4971 λίαν.

175 5013 251 5064 Οὐ
282 5012 400 5082 γὰρ
432 5007 605 5074 εἶπεν,
642 5009 816 5072 Εὐθὺς
858 5013 1091 5081 φερέτω,
1128 5011 1212 5062 ἵνα
1250 5011 1323 5080 μή
1367 5028 1450 5073 τις
1487 5012 1766 5080 ἐλάελιστον

176 5107 318 5177 ἔχων
371 5104 726 5172 αἰσχύνηται,
770 5104 907 5157 ἀλλὰ
964 5103 1177 5173 πρῶτον
1231 5104 1382 5174 παρὰ
1424 5104 1603 5173 σαυτῷ
1646 5121 1766 5156 συν-

176 5201 383 5267 άγαγε,
429 5197 527 5250 καὶ
579 5197 707 5248 ὅταν
763 5195 910 5259 ἄξιον
957 5196 1116 5262 λόγου
1151 5196 1412 5264 γένηται,
1458 5198 1578 5248 τότε
1611 5196 1763 5266 φέρε.

183 5309 203 5343 ι
241 5285 648 5357 Θησαυριζέτω
681 5287 736 5338 δὲ
770 5286 798 5337 ὅ
836 5303 891 5337 τι
921 5287 986 5337 ἂν
1020 5286 1305 5351 εὐοδῶται,
1345 5306 1364 5338 ι
1399 5287 1696 5351 τουτέστιν,
1739 5284 1767 5336 ὃ

180 5383 245 5435 ἂν
277 5383 306 5433 ὁ
333 5381 474 5441 Θεὸς
502 5378 715 5450 πέμψῃ,
743 5380 838 5432 καὶ
867 5379 1150 5449 εὐχέρειαν
1191 5383 1312 5450 σχῇ.
1346 5398 1364 5430 ι
1395 5379 1511 5433 Ἵνα
1537 5382 1612 5451 μὴ
1640 5381 1768 5432 ὅταν

179 5475 341 5527 iisin).
386 5493 406 5525 ι
450 5472 568 5524 ἰνα
611 5474 706 5541 μὴ,
739 5473 926 5540 φησὶν,
961 5473 1050 5524 ὅτε
1081 5473 1272 5544 καιρός
1316 5474 1465 5525 ἐστιν
1507 5474 1766 5544 ἐκφορᾶς,

179 5570 302 5620 τάτε
337 5565 604 5630 συνάγειν
636 5564 890 5634 ἄρξηται.
915 5564 1004 5633 Τῷ
1028 5565 1084 5617 δὲ
1109 5568 1307 5629 εἰπεῖν,
1339 5585 1356 5618 ι
1387 5568 1555 5618 Ὅταν
1575 5568 1728 5633 ἔλθω,
1747 5587 1763 5620 ι

184 5656 640 5726 stygii-spuitnon;
663 5655 742 5716 εἰς
766 5653 861 5723 τὴν
889 5654 1153 5724 συλλογὴν
1178 5658 1339 5717 ποιεῖ,
1366 5655 1438 5717 ὡς
1469 5656 1555 5710 ἐπ’
1585 5657 1770 5727 ὄψεσιν

186 5748 352 5800 αὐτοῦ
393 5743 699 5814 μελούσῃ
743 5745 988 5812 γίνεσθαι
1033 5747 1131 5814 τῆς
1180 5749 1460 5818 εἰσφορᾶς.
1492 5767 1508 5799 ι
1541 5748 1646 5811 Οὓς
1678 5750 1770 5802 ἐὰν

183 5841 551 5911 δοκιμάσητε.
590 5858 608 5890 ι
670 5839 865 5904 Καλῶς
913 5841 995 5906 τὸ,
1035 5858 1052 5892 ι
1087 5839 1194 5903 Οὓς
1237 5841 1301 5894 ἂν
1361 5841 1714 5913 δοκιμάσητε,
1747 5862 1764 5894 ι

1868 4650 2250 4705 Subbatorum.
2287 4665 2304 4697 ι
2347 4643 2526 4700 Unum
2578 4643 3238 4712 Subliatorumsigniﬁcat
3295 4643 3438 4696 diem

1867 4743 2208 4796 Dominicum
2255 4756 2268 4791 :
2302 4755 2365 4790 ex
2395 4738 2514 4807 ipso
2538 4752 2757 4805 quoquc
2787 4735 2876 4788 die
2931 4737 2996 4788 ad
3033 4737 3438 4804 cleemosynam

1866 4836 2182 4888 adhortans.
2218 4830 2356 4883 facta
2397 4829 2779 4899 mysteriorum
2806 4843 2927 4894 (inte
3006 4827 3058 4878 in
3110 4842 3175 4879 eo
3221 4834 3439 4896 peracta

1867 4930 1994 4976 sunt
2027 4922 2319 4973 mentione.
2359 4935 2377 4966 ι
2434 4915 2588 4984 Apud
2627 4931 2682 4968 se
2715 4923 2899 4983 ponat.
2937 4935 2954 4965 ›
2991 4913 3224 4967 Provide
3253 4913 3438 4967 admo-

1866 5015 2015 5065 dum.
2053 5009 2330 5076 Siquidem
2363 5022 2468 5059 non
2533 5005 2670 5057 dixit
2709 5021 2721 5056 :
2763 5003 2956 5057 Statim
3021 5003 3230 5064 atii-rat,
3287 5019 3352 5056 ne
3393 5005 3440 5057 is

1867 5105 1959 5172 qui
1997 5102 2151 5156 valde
2183 5115 2374 5168 parum
2414 5098 2569 5150 habet
2601 5095 2966 5164 pudeliztt,sed
3003 5095 3153 5162 prius
3195 5094 3334 5162 apud
3364 5104 3440 5148 te-

1869 5195 2046 5266 ipsum
2079 5207 2370 5259 cougrcga,
2423 5203 2658 5255 cumque
2701 5189 2913 5239 ratione
2966 5185 3189 5254 dignum
3248 5183 3436 5247 fuerit,

1871 5301 1999 5344 tunc
2019 5285 2166 5340 after.
2195 5305 2212 5336 ι
2243 5281 2518 5337 Recondat
2545 5280 2808 5350 quidquid
2835 5277 3183 5332 commodum
3219 5277 3378 5331 luerit
3413 5296 3432 5328 ι

1875 5384 1976 5435 hoc
2009 5385 2112 5442 est,
2164 5376 2528 5444 quodcunque
2575 5372 2716 5424 licus
2769 5369 3002 5431 miserit,
3058 5375 3153 5420 aut
3191 5369 3238 5421 ei
3281 5367 3440 5422 facile

1873 5470 2056 5527 fuerit.
2105 5486 2123 5519 ι
2163 5469 2238 5522 Νι)
2267 5482 2391 5521 cum
2420 5481 2639 5519 venero.
2680 5483 2698 5513 ›
2736 5461 2810 5515 Ne
2833 5477 2954 5514 rum
2982 5469 3214 5529 tempus,
3244 5459 3437 5527 inquit,

1872 5563 2134 5619 elfcrendi
2179 5560 2361 5618 fuerit.
2401 5569 2529 5612 tunc
2579 5569 2912 5623 eongregare
2929 5553 3156 5622 quisque
3191 5549 3438 5617 incipiat.

1876 5656 1950 5711 Ex
1973 5673 2038 5710 eo
2064 5664 2242 5709 autem
2274 5653 2418 5722 quod
2447 5653 2552 5705 ait:
2579 5669 2597 5699 ι
2620 5649 2755 5702 Cum
2782 5663 3003 5709 venero,
3027 5665 3045 5697 ι
3073 5643 3136 5697 ad
3160 5643 3441 5698 collectio-

1875 5765 2000 5803 nem
2048 5765 2141 5802 cos
2173 5745 2350 5800 reddit
2387 5746 2749 5816 promptiores
2771 5785 2783 5806 ,
2804 5752 3061 5808 tanquam
3092 5736 3157 5790 ad
3188 5745 3444 5804 aspectus

1875 5858 2005 5898 suos
2028 5849 2319 5896 venturum
2351 5842 2416 5894 sit
2474 5839 2618 5908 quod
2657 5839 2708 5891 in
2747 5849 2913 5890 unum
2938 5833 3234 5900 colligitur.
3267 5829 3445 5894 Quos-
