  <div class='ocr_page' id='page_1' title='image "/cluster/home/n/w/nwhite01/storage/ocr_20150623/118/nnc1.0046980148/466.png"; bbox 0 0 4204 6464; ppageno 0'>
   <div class='ocr_carea' id='block_1_1' title="bbox 179 392 283 461">
    <p class='ocr_par' dir='ltr' id='par_1_1' title="bbox 179 392 283 461">
     <span class='ocr_line' id='line_1_1' title="bbox 179 392 283 461; baseline 0.019 -2"><span class='ocrx_word' id='word_1_1' title='bbox 179 392 283 461; x_wconf 75' lang='grc'><strong>913</strong></span> 
     </span>
    </p>
   </div>
   <div class='ocr_carea' id='block_1_2' title="bbox 1109 394 2513 460">
    <p class='ocr_par' dir='ltr' id='par_1_2' title="bbox 1109 394 2513 460">
     <span class='ocr_line' id='line_1_2' title="bbox 1109 394 2513 460; baseline 0 -1"><span class='ocrx_word' id='word_1_2' title='bbox 1109 398 1494 460; x_wconf 79' lang='lat' dir='ltr'><strong>COMMENT.</strong></span> <span class='ocrx_word' id='word_1_3' title='bbox 1531 394 1875 459; x_wconf 16' lang='lat' dir='ltr'><strong>IN’EPIST.</strong></span> <span class='ocrx_word' id='word_1_4' title='bbox 1920 397 1981 457; x_wconf 90' lang='lat' dir='ltr'>II</span> <span class='ocrx_word' id='word_1_5' title='bbox 2021 399 2117 457; x_wconf 82' lang='lat' dir='ltr'><strong>AD</strong></span> <span class='ocrx_word' id='word_1_6' title='bbox 2154 398 2513 459; x_wconf 76' lang='lat' dir='ltr'><strong>CORINTH.</strong></span> 
     </span>
    </p>
   </div>
   <div class='ocr_carea' id='block_1_3' title="bbox 3340 395 3444 460">
    <p class='ocr_par' dir='ltr' id='par_1_3' title="bbox 3340 395 3444 460">
     <span class='ocr_line' id='line_1_3' title="bbox 3340 395 3444 460; baseline 0.019 -2"><span class='ocrx_word' id='word_1_7' title='bbox 3340 395 3444 460; x_wconf 76' lang='lat' dir='ltr'><strong>9H</strong></span> 
     </span>
    </p>
   </div>
   <div class='ocr_carea' id='block_1_4' title="bbox 183 502 1777 578">
    <p class='ocr_par' dir='ltr' id='par_1_4' title="bbox 183 502 1754 578">
     <span class='ocr_line' id='line_1_4' title="bbox 183 502 1754 578; baseline 0.001 -19"><span class='ocrx_word' id='word_1_8' title='bbox 183 508 300 577; x_wconf 76' lang='grc' dir='ltr'>μὲν,</span> <span class='ocrx_word' id='word_1_9' title='bbox 361 503 548 574; x_wconf 75' lang='grc' dir='ltr'>φησὶν,</span> <span class='ocrx_word' id='word_1_10' title='bbox 576 502 634 557; x_wconf 82' lang='grc' dir='ltr'>ὲν</span> <span class='ocrx_word' id='word_1_11' title='bbox 664 506 797 576; x_wconf 81' lang='grc' dir='ltr'>ἡμῖν</span> <span class='ocrx_word' id='word_1_12' title='bbox 824 507 871 558; x_wconf 85' lang='grc' dir='ltr'>οἱ</span> <span class='ocrx_word' id='word_1_13' title='bbox 899 509 1197 578; x_wconf 65' lang='grc' dir='ltr'><strong>πειρασμοὶ⁵</strong></span> <span class='ocrx_word' id='word_1_14' title='bbox 1260 509 1357 561; x_wconf 70' lang='grc' dir='ltr'><strong>καὶ</strong></span> <span class='ocrx_word' id='word_1_15' title='bbox 1418 510 1475 561; x_wconf 87' lang='grc' dir='ltr'>αἱ</span> <span class='ocrx_word' id='word_1_16' title='bbox 1524 508 1754 577; x_wconf 67' lang='grc' dir='ltr'>θλίψεις,</span> 
     </span>
    </p>
   </div>
   <div class='ocr_carea' id='block_1_5' title="bbox 1878 502 3447 578">
    <p class='ocr_par' dir='ltr' id='par_1_5' title="bbox 1878 507 3447 575">
     <span class='ocr_line' id='line_1_5' title="bbox 1878 507 3447 575; baseline 0.001 -15"><span class='ocrx_word' id='word_1_17' title='bbox 1878 521 2023 575; x_wconf 66' lang='lat' dir='ltr'><strong>luam</strong></span> <span class='ocrx_word' id='word_1_18' title='bbox 2084 508 2185 572; x_wconf 82' lang='lat' dir='ltr'><strong>liae,</strong></span> <span class='ocrx_word' id='word_1_19' title='bbox 2240 507 2524 562; x_wconf 88' lang='lat' dir='ltr'><strong>abundant</strong></span> <span class='ocrx_word' id='word_1_20' title='bbox 2569 508 2993 562; x_wconf 81' lang='lat' dir='ltr'><strong>consolationes.</strong></span> <span class='ocrx_word' id='word_1_21' title='bbox 3051 507 3172 573; x_wconf 79' lang='lat' dir='ltr'><strong>Quo</strong></span> <span class='ocrx_word' id='word_1_22' title='bbox 3239 512 3447 575; x_wconf 64' lang='lat' dir='ltr'><strong>pacto&quot;</strong></span> 
     </span>
    </p>
   </div>
   <div class='ocr_carea' id='block_1_6' title="bbox 180 596 1759 671">
    <p class='ocr_par' dir='ltr' id='par_1_6' title="bbox 180 596 1759 671">
     <span class='ocr_line' id='line_1_6' title="bbox 180 596 1759 671; baseline 0.003 -21"><span class='ocrx_word' id='word_1_23' title='bbox 180 598 318 651; x_wconf 80' lang='grc' dir='ltr'><strong>ἀλλά</strong></span> <span class='ocrx_word' id='word_1_24' title='bbox 369 597 699 651; x_wconf 77' lang='grc' dir='ltr'>καὶτούτων</span> <span class='ocrx_word' id='word_1_25' title='bbox 744 598 823 650; x_wconf 82' lang='grc' dir='ltr'>ἔτι</span> <span class='ocrx_word' id='word_1_26' title='bbox 872 596 1072 669; x_wconf 83' lang='grc' dir='ltr'>μᾶλλον</span> <span class='ocrx_word' id='word_1_27' title='bbox 1105 600 1524 671; x_wconf 81' lang='grc' dir='ltr'>περισσεύουσιν</span> <span class='ocrx_word' id='word_1_28' title='bbox 1562 604 1617 655; x_wconf 81' lang='grc' dir='ltr'>αἱ</span> <span class='ocrx_word' id='word_1_29' title='bbox 1654 619 1759 654; x_wconf 87' lang='grc' dir='ltr'>πα-</span> 
     </span>
    </p>
   </div>
   <div class='ocr_carea' id='block_1_7' title="bbox 184 692 1759 762">
    <p class='ocr_par' dir='ltr' id='par_1_7' title="bbox 184 692 1759 762">
     <span class='ocr_line' id='line_1_7' title="bbox 184 692 1759 762; baseline 0.002 -19"><span class='ocrx_word' id='word_1_30' title='bbox 184 693 481 761; x_wconf 64' lang='grc' dir='ltr'>ρακλήσεις</span> <span class='ocrx_word' id='word_1_31' title='bbox 514 706 528 721; x_wconf 93' lang='grc'><strong>·</strong></span> <span class='ocrx_word' id='word_1_32' title='bbox 573 692 724 757; x_wconf 83' lang='grc' dir='ltr'>πῶς;</span> <span class='ocrx_word' id='word_1_33' title='bbox 784 692 865 743; x_wconf 85' lang='grc' dir='ltr'>ὅτι</span> <span class='ocrx_word' id='word_1_34' title='bbox 898 693 958 743; x_wconf 85' lang='grc' dir='ltr'><strong>οὑ</strong></span> <span class='ocrx_word' id='word_1_35' title='bbox 999 692 1159 762; x_wconf 84' lang='grc' dir='ltr'>μόνον</span> <span class='ocrx_word' id='word_1_36' title='bbox 1211 694 1623 757; x_wconf 81' lang='grc' dir='ltr'>διασκεδάζουσι</span> <span class='ocrx_word' id='word_1_37' title='bbox 1662 694 1759 756; x_wconf 73' lang='grc' dir='ltr'>τὰς</span> 
     </span>
    </p>
   </div>
   <div class='ocr_carea' id='block_1_8' title="bbox 183 783 1759 853">
    <p class='ocr_par' dir='ltr' id='par_1_8' title="bbox 183 783 1759 853">
     <span class='ocr_line' id='line_1_8' title="bbox 183 783 1759 853; baseline 0 -17"><span class='ocrx_word' id='word_1_38' title='bbox 183 786 412 853; x_wconf 58' lang='grc' dir='ltr'>θλίψεις,</span> <span class='ocrx_word' id='word_1_39' title='bbox 466 784 600 837; x_wconf 70' lang='grc' dir='ltr'>ἀλλὰ</span> <span class='ocrx_word' id='word_1_40' title='bbox 652 785 743 836; x_wconf 77' lang='grc' dir='ltr'><strong>καὶ</strong></span> <span class='ocrx_word' id='word_1_41' title='bbox 796 783 1008 851; x_wconf 75' lang='grc' dir='ltr'><strong>χαίρειν</strong></span> <span class='ocrx_word' id='word_1_42' title='bbox 1068 783 1547 852; x_wconf 67' lang='grc' dir='ltr'><strong>παρασκευάζουσι</strong></span> <span class='ocrx_word' id='word_1_43' title='bbox 1581 825 1595 847; x_wconf 89' lang='grc'><strong>,</strong></span> <span class='ocrx_word' id='word_1_44' title='bbox 1666 786 1759 836; x_wconf 70' lang='grc' dir='ltr'><strong>καὶ</strong></span> 
     </span>
    </p>
   </div>
   <div class='ocr_carea' id='block_1_9' title="bbox 184 872 1760 943">
    <p class='ocr_par' dir='ltr' id='par_1_9' title="bbox 184 872 1760 943">
     <span class='ocr_line' id='line_1_9' title="bbox 184 872 1760 943; baseline -0.001 -16"><span class='ocrx_word' id='word_1_45' title='bbox 184 876 481 942; x_wconf 68' lang='grc' dir='ltr'>στεφάνους</span> <span class='ocrx_word' id='word_1_46' title='bbox 534 873 628 926; x_wconf 69' lang='grc' dir='ltr'><strong>καὶ</strong></span> <span class='ocrx_word' id='word_1_47' title='bbox 686 873 914 943; x_wconf 72' lang='grc' dir='ltr'>βραδεῖα</span> <span class='ocrx_word' id='word_1_48' title='bbox 957 872 1327 941; x_wconf 80' lang='grc' dir='ltr'>προξενοῦσιν.</span> <span class='ocrx_word' id='word_1_49' title='bbox 1355 874 1427 925; x_wconf 77' lang='grc' dir='ltr'><strong>Οὐ</strong></span> <span class='ocrx_word' id='word_1_50' title='bbox 1465 874 1604 925; x_wconf 74' lang='grc' dir='ltr'>κατὰ</span> <span class='ocrx_word' id='word_1_51' title='bbox 1630 876 1760 927; x_wconf 88' lang='grc' dir='ltr'>ἁνα-</span> 
     </span>
    </p>
   </div>
   <div class='ocr_carea' id='block_1_10' title="bbox 1565 965 1759 1027">
    <p class='ocr_par' dir='ltr' id='par_1_10' title="bbox 1565 965 1759 1027">
     <span class='ocr_line' id='line_1_10' title="bbox 1565 965 1759 1027; baseline 0.005 -11"><span class='ocrx_word' id='word_1_52' title='bbox 1565 1006 1577 1027; x_wconf 84' lang='grc'><strong>,</strong></span> <span class='ocrx_word' id='word_1_53' title='bbox 1624 965 1759 1017; x_wconf 69' lang='grc' dir='ltr'>ἀλλὰ</span> 
     </span>
    </p>
   </div>
   <div class='ocr_carea' id='block_1_11' title="bbox 182 1058 1761 1129">
    <p class='ocr_par' dir='ltr' id='par_1_11' title="bbox 182 1058 1761 1129">
     <span class='ocr_line' id='line_1_11' title="bbox 182 1058 1761 1129; baseline -0.001 -18"><span class='ocrx_word' id='word_1_54' title='bbox 182 1060 366 1129; x_wconf 59' lang='grc' dir='ltr'>πολλῷ</span> <span class='ocrx_word' id='word_1_55' title='bbox 411 1062 635 1128; x_wconf 77' lang='grc' dir='ltr'>μείζων.</span> <span class='ocrx_word' id='word_1_56' title='bbox 662 1058 983 1125; x_wconf 76' lang='grc' dir='ltr'>Περισσεὺει</span> <span class='ocrx_word' id='word_1_57' title='bbox 1011 1059 1139 1129; x_wconf 72' lang='grc' dir='ltr'>γὰρ,</span> <span class='ocrx_word' id='word_1_58' title='bbox 1180 1059 1367 1127; x_wconf 66' lang='grc' dir='ltr'>φησὶν,</span> <span class='ocrx_word' id='word_1_59' title='bbox 1397 1062 1428 1127; x_wconf 76' lang='grc' dir='ltr'><strong>ἡ</strong></span> <span class='ocrx_word' id='word_1_60' title='bbox 1472 1059 1761 1128; x_wconf 83' lang='grc' dir='ltr'>παράκλη-</span> 
     </span>
    </p>
   </div>
   <div class='ocr_carea' id='block_1_12' title="bbox 181 965 1521 1036">
    <p class='ocr_par' dir='ltr' id='par_1_12' title="bbox 181 965 1521 1036">
     <span class='ocr_line' id='line_1_12' title="bbox 181 965 1521 1036; baseline 0.001 -20"><span class='ocrx_word' id='word_1_61' title='bbox 181 968 392 1031; x_wconf 70' lang='grc' dir='ltr'>λογίαν,</span> <span class='ocrx_word' id='word_1_62' title='bbox 443 968 610 1036; x_wconf 68' lang='grc' dir='ltr'>φησὶ,</span> <span class='ocrx_word' id='word_1_63' title='bbox 661 966 769 1017; x_wconf 87' lang='grc' dir='ltr'><strong>τῶν</strong></span> <span class='ocrx_word' id='word_1_64' title='bbox 832 965 1069 1035; x_wconf 69' lang='grc' dir='ltr'>θλίψεων</span> <span class='ocrx_word' id='word_1_65' title='bbox 1103 967 1136 1035; x_wconf 81' lang='grc' dir='ltr'>ἡ</span> <span class='ocrx_word' id='word_1_66' title='bbox 1176 966 1521 1036; x_wconf 82' lang='grc' dir='ltr'>παράκλησις</span> 
     </span>
    </p>
   </div>
   <div class='ocr_carea' id='block_1_13' title="bbox 184 1150 1760 1221">
    <p class='ocr_par' dir='ltr' id='par_1_13' title="bbox 184 1150 1760 1221">
     <span class='ocr_line' id='line_1_13' title="bbox 184 1150 1760 1221; baseline -0.001 -17"><span class='ocrx_word' id='word_1_67' title='bbox 184 1169 289 1213; x_wconf 86' lang='grc' dir='ltr'>σις.</span> <span class='ocrx_word' id='word_1_68' title='bbox 356 1170 374 1202; x_wconf 81' lang='grc' dir='ltr'><strong>ι</strong></span> <span class='ocrx_word' id='word_1_69' title='bbox 405 1153 529 1203; x_wconf 77' lang='grc' dir='ltr'>Εἴτε</span> <span class='ocrx_word' id='word_1_70' title='bbox 566 1150 879 1218; x_wconf 70' lang='grc' dir='ltr'>θλιϐόμεθα,</span> <span class='ocrx_word' id='word_1_71' title='bbox 944 1151 1129 1219; x_wconf 74' lang='grc' dir='ltr'>φησὶν,</span> <span class='ocrx_word' id='word_1_72' title='bbox 1163 1150 1301 1221; x_wconf 83' lang='grc' dir='ltr'>ὑπὲρ</span> <span class='ocrx_word' id='word_1_73' title='bbox 1329 1150 1424 1219; x_wconf 75' lang='grc' dir='ltr'>τῆς</span> <span class='ocrx_word' id='word_1_74' title='bbox 1460 1151 1614 1219; x_wconf 83' lang='grc' dir='ltr'>ὑμῶν</span> <span class='ocrx_word' id='word_1_75' title='bbox 1660 1169 1760 1204; x_wconf 89' lang='grc' dir='ltr'>σω-</span> 
     </span>
    </p>
   </div>
   <div class='ocr_carea' id='block_1_14' title="bbox 182 1241 1761 1312">
    <p class='ocr_par' dir='ltr' id='par_1_14' title="bbox 182 1241 1761 1312">
     <span class='ocr_line' id='line_1_14' title="bbox 182 1241 1761 1312; baseline 0.002 -19"><span class='ocrx_word' id='word_1_76' title='bbox 182 1244 381 1311; x_wconf 80' lang='grc' dir='ltr'>τηρὲας</span> <span class='ocrx_word' id='word_1_77' title='bbox 449 1245 543 1295; x_wconf 67' lang='grc' dir='ltr'><strong>καὶ</strong></span> <span class='ocrx_word' id='word_1_78' title='bbox 603 1242 1003 1312; x_wconf 79' lang='grc' dir='ltr'>παρακλήσεως</span> <span class='ocrx_word' id='word_1_79' title='bbox 1050 1241 1368 1312; x_wconf 78' lang='grc' dir='ltr'>θλιὸὁμεθα.</span> <span class='ocrx_word' id='word_1_80' title='bbox 1396 1261 1413 1293; x_wconf 73' lang='grc' dir='ltr'><strong>ι</strong></span> <span class='ocrx_word' id='word_1_81' title='bbox 1472 1243 1595 1305; x_wconf 83' lang='grc' dir='ltr'><strong>Πῶς</strong></span> <span class='ocrx_word' id='word_1_82' title='bbox 1629 1262 1642 1309; x_wconf 90' lang='grc'><strong>;</strong></span> <span class='ocrx_word' id='word_1_83' title='bbox 1680 1245 1761 1296; x_wconf 77' lang='grc' dir='ltr'>ὅτι</span> 
     </span>
    </p>
   </div>
   <div class='ocr_carea' id='block_1_15' title="bbox 184 1335 1762 1406">
    <p class='ocr_par' dir='ltr' id='par_1_15' title="bbox 184 1335 1762 1406">
     <span class='ocr_line' id='line_1_15' title="bbox 184 1335 1762 1406; baseline 0.001 -19"><span class='ocrx_word' id='word_1_84' title='bbox 184 1337 315 1403; x_wconf 79' lang='grc' dir='ltr'><strong>ἐξῆν</strong></span> <span class='ocrx_word' id='word_1_85' title='bbox 351 1338 481 1405; x_wconf 76' lang='grc' dir='ltr'>ἡμῖν</span> <span class='ocrx_word' id='word_1_86' title='bbox 513 1335 929 1405; x_wconf 78' lang='grc' dir='ltr'>ἀπαγορεύσασι</span> <span class='ocrx_word' id='word_1_87' title='bbox 962 1336 1023 1387; x_wconf 76' lang='grc' dir='ltr'>τὸ</span> <span class='ocrx_word' id='word_1_88' title='bbox 1048 1336 1369 1406; x_wconf 79' lang='grc' dir='ltr'><strong>κηρύσσειν,</strong></span> <span class='ocrx_word' id='word_1_89' title='bbox 1398 1338 1455 1388; x_wconf 84' lang='grc' dir='ltr'>ἐν</span> <span class='ocrx_word' id='word_1_90' title='bbox 1486 1337 1641 1405; x_wconf 78' lang='grc' dir='ltr'>ἀδείᾳ</span> <span class='ocrx_word' id='word_1_91' title='bbox 1669 1338 1762 1389; x_wconf 68' lang='grc' dir='ltr'>καὶ</span> 
     </span>
    </p>
   </div>
   <div class='ocr_carea' id='block_1_16' title="bbox 185 1421 1762 1499">
    <p class='ocr_par' dir='ltr' id='par_1_16' title="bbox 185 1421 1762 1499">
     <span class='ocr_line' id='line_1_16' title="bbox 185 1421 1762 1499; baseline 0.003 -21"><span class='ocrx_word' id='word_1_92' title='bbox 185 1427 459 1493; x_wconf 60' lang='grc' dir='ltr'>ἀσςαλεία</span> <span class='ocrx_word' id='word_1_93' title='bbox 498 1421 654 1479; x_wconf 75' lang='grc' dir='ltr'>εἶναι.</span> <span class='ocrx_word' id='word_1_94' title='bbox 725 1427 889 1480; x_wconf 84' lang='grc' dir='ltr'>Ἀλλὰ</span> <span class='ocrx_word' id='word_1_95' title='bbox 920 1429 1120 1497; x_wconf 75' lang='grc' dir='ltr'>μᾶλλον</span> <span class='ocrx_word' id='word_1_96' title='bbox 1151 1428 1453 1499; x_wconf 78' lang='grc' dir='ltr'>αἱρούμεθα</span> <span class='ocrx_word' id='word_1_97' title='bbox 1485 1428 1762 1483; x_wconf 80' lang='grc' dir='ltr'>θλίϐεσθαι</span> 
     </span>
    </p>
   </div>
   <div class='ocr_carea' id='block_1_17' title="bbox 186 1518 1764 1590">
    <p class='ocr_par' dir='ltr' id='par_1_17' title="bbox 186 1518 1764 1590">
     <span class='ocr_line' id='line_1_17' title="bbox 186 1518 1764 1590; baseline 0.001 -19"><span class='ocrx_word' id='word_1_98' title='bbox 186 1520 282 1571; x_wconf 82' lang='grc' dir='ltr'><strong>καὶ</strong></span> <span class='ocrx_word' id='word_1_99' title='bbox 329 1519 679 1582; x_wconf 73' lang='grc' dir='ltr'><strong>κινδυνεύειν,</strong></span> <span class='ocrx_word' id='word_1_100' title='bbox 732 1519 819 1571; x_wconf 83' lang='grc' dir='ltr'>ἵνα</span> <span class='ocrx_word' id='word_1_101' title='bbox 847 1519 990 1586; x_wconf 76' lang='grc' dir='ltr'>ὑμᾶς</span> <span class='ocrx_word' id='word_1_102' title='bbox 1013 1518 1098 1571; x_wconf 78' lang='grc' dir='ltr'><strong>διὰ</strong></span> <span class='ocrx_word' id='word_1_103' title='bbox 1140 1519 1232 1570; x_wconf 75' lang='grc' dir='ltr'>τοῦ</span> <span class='ocrx_word' id='word_1_104' title='bbox 1270 1519 1625 1590; x_wconf 74' lang='grc' dir='ltr'>κηρύγματος</span> <span class='ocrx_word' id='word_1_105' title='bbox 1657 1519 1764 1572; x_wconf 81' lang='grc' dir='ltr'><strong>σώ-</strong></span> 
     </span>
    </p>
   </div>
   <div class='ocr_carea' id='block_1_18' title="bbox 188 1611 1763 1682">
    <p class='ocr_par' dir='ltr' id='par_1_18' title="bbox 188 1611 1763 1682">
     <span class='ocr_line' id='line_1_18' title="bbox 188 1611 1763 1682; baseline 0.003 -20"><span class='ocrx_word' id='word_1_106' title='bbox 188 1628 376 1679; x_wconf 78' lang='grc' dir='ltr'>σωμεν</span> <span class='ocrx_word' id='word_1_107' title='bbox 467 1612 559 1663; x_wconf 69' lang='grc' dir='ltr'><strong>καὶ</strong></span> <span class='ocrx_word' id='word_1_108' title='bbox 641 1611 1121 1681; x_wconf 63' lang='grc' dir='ltr'><strong>παρακαλέσωμεν</strong></span> <span class='ocrx_word' id='word_1_109' title='bbox 1188 1612 1327 1680; x_wconf 75' lang='grc' dir='ltr'>πρὸς</span> <span class='ocrx_word' id='word_1_110' title='bbox 1402 1612 1498 1682; x_wconf 84' lang='grc' dir='ltr'>τὴν</span> <span class='ocrx_word' id='word_1_111' title='bbox 1557 1614 1763 1668; x_wconf 75' lang='grc' dir='ltr'>πίστιν.</span> 
     </span>
    </p>
   </div>
   <div class='ocr_carea' id='block_1_19' title="bbox 188 1702 1767 1771">
    <p class='ocr_par' dir='ltr' id='par_1_19' title="bbox 188 1702 1767 1771">
     <span class='ocr_line' id='line_1_19' title="bbox 188 1702 1767 1771; baseline 0.002 -18"><span class='ocrx_word' id='word_1_112' title='bbox 188 1702 403 1754; x_wconf 71' lang='grc' dir='ltr'>Οὐκοῦν</span> <span class='ocrx_word' id='word_1_113' title='bbox 444 1703 581 1771; x_wconf 77' lang='grc' dir='ltr'>ὑπὲρ</span> <span class='ocrx_word' id='word_1_114' title='bbox 622 1702 721 1769; x_wconf 78' lang='grc' dir='ltr'>τῆς</span> <span class='ocrx_word' id='word_1_115' title='bbox 760 1703 915 1767; x_wconf 78' lang='grc' dir='ltr'>ὑμῶν</span> <span class='ocrx_word' id='word_1_116' title='bbox 950 1702 1226 1771; x_wconf 77' lang='grc' dir='ltr'><strong>σωτηρίας</strong></span> <span class='ocrx_word' id='word_1_117' title='bbox 1253 1704 1352 1765; x_wconf 77' lang='grc' dir='ltr'><strong>τὰς</strong></span> <span class='ocrx_word' id='word_1_118' title='bbox 1394 1703 1601 1771; x_wconf 66' lang='grc' dir='ltr'>θλίψεις</span> <span class='ocrx_word' id='word_1_119' title='bbox 1632 1704 1767 1757; x_wconf 81' lang='grc' dir='ltr'>ὑπο-</span> 
     </span>
    </p>
   </div>
   <div class='ocr_carea' id='block_1_20' title="bbox 193 1792 1766 1861">
    <p class='ocr_par' dir='ltr' id='par_1_20' title="bbox 193 1792 1766 1861">
     <span class='ocr_line' id='line_1_20' title="bbox 193 1792 1766 1861; baseline 0.001 -18"><span class='ocrx_word' id='word_1_120' title='bbox 193 1794 451 1861; x_wconf 76' lang='grc' dir='ltr'><strong>μένομεν,</strong></span> <span class='ocrx_word' id='word_1_121' title='bbox 488 1793 583 1859; x_wconf 79' lang='grc' dir='ltr'>τῆς</span> <span class='ocrx_word' id='word_1_122' title='bbox 630 1792 1029 1861; x_wconf 76' lang='grc' dir='ltr'>ἐνεργουμένης</span> <span class='ocrx_word' id='word_1_123' title='bbox 1060 1794 1116 1843; x_wconf 85' lang='grc' dir='ltr'>ὲν</span> <span class='ocrx_word' id='word_1_124' title='bbox 1179 1792 1329 1859; x_wconf 85' lang='grc' dir='ltr'>ὑμῖν,</span> <span class='ocrx_word' id='word_1_125' title='bbox 1379 1793 1674 1855; x_wconf 74' lang='grc' dir='ltr'><strong>τουτέστιν,</strong></span> <span class='ocrx_word' id='word_1_126' title='bbox 1702 1795 1766 1845; x_wconf 80' lang='grc' dir='ltr'><strong>ὲκ</strong></span> 
     </span>
    </p>
   </div>
   <div class='ocr_carea' id='block_1_21' title="bbox 1868 598 3487 670">
    <p class='ocr_par' dir='ltr' id='par_1_21' title="bbox 1868 598 3487 670">
     <span class='ocr_line' id='line_1_21' title="bbox 1868 598 3487 670; baseline 0.002 -18"><span class='ocrx_word' id='word_1_127' title='bbox 1868 599 2003 663; x_wconf 84' lang='lat' dir='ltr'><strong>Quia</strong></span> <span class='ocrx_word' id='word_1_128' title='bbox 2036 615 2142 653; x_wconf 92' lang='lat' dir='ltr'><strong>non</strong></span> <span class='ocrx_word' id='word_1_129' title='bbox 2183 600 2361 653; x_wconf 89' lang='lat' dir='ltr'><strong>solum</strong></span> <span class='ocrx_word' id='word_1_130' title='bbox 2407 599 2677 669; x_wconf 76' lang='lat' dir='ltr'><strong>dissipant</strong></span> <span class='ocrx_word' id='word_1_131' title='bbox 2715 600 3055 663; x_wconf 86' lang='lat' dir='ltr'><strong>afﬂictiones.</strong></span> <span class='ocrx_word' id='word_1_132' title='bbox 3092 600 3185 655; x_wconf 90' lang='lat' dir='ltr'><strong>sed</strong></span> <span class='ocrx_word' id='word_1_133' title='bbox 3216 611 3267 654; x_wconf 86' lang='lat' dir='ltr'><strong>et</strong></span> <span class='ocrx_word' id='word_1_134' title='bbox 3318 617 3448 670; x_wconf 79' lang='lat' dir='ltr'><strong>gau-</strong></span> <span class='ocrx_word' id='word_1_135' title='bbox 3484 598 3487 599; x_wconf 49' lang='grc'><strong><em>⁷</em></strong></span> 
     </span>
    </p>
   </div>
   <div class='ocr_carea' id='block_1_22' title="bbox 1868 690 3449 753">
    <p class='ocr_par' dir='ltr' id='par_1_22' title="bbox 1868 690 3449 753">
     <span class='ocr_line' id='line_1_22' title="bbox 1868 690 3449 753; baseline 0.004 -11"><span class='ocrx_word' id='word_1_136' title='bbox 1868 690 2017 742; x_wconf 89' lang='lat' dir='ltr'><strong>dium</strong></span> <span class='ocrx_word' id='word_1_137' title='bbox 2063 692 2376 753; x_wconf 87' lang='lat' dir='ltr'><strong>adducunt,</strong></span> <span class='ocrx_word' id='word_1_138' title='bbox 2420 699 2474 744; x_wconf 84' lang='lat' dir='ltr'><strong>et</strong></span> <span class='ocrx_word' id='word_1_139' title='bbox 2513 707 2745 746; x_wconf 82' lang='lat' dir='ltr'><strong>coronas</strong></span> <span class='ocrx_word' id='word_1_140' title='bbox 2794 708 2855 745; x_wconf 86' lang='lat' dir='ltr'><strong>ac</strong></span> <span class='ocrx_word' id='word_1_141' title='bbox 2906 694 3088 745; x_wconf 71' lang='lat' dir='ltr'><strong>bratia</strong></span> <span class='ocrx_word' id='word_1_142' title='bbox 3131 694 3449 749; x_wconf 82' lang='lat' dir='ltr'><strong>conciliant.</strong></span> 
     </span>
    </p>
   </div>
   <div class='ocr_carea' id='block_1_23' title="bbox 1868 780 3449 851">
    <p class='ocr_par' dir='ltr' id='par_1_23' title="bbox 1868 780 3449 851">
     <span class='ocr_line' id='line_1_23' title="bbox 1868 780 3449 851; baseline 0.003 -18"><span class='ocrx_word' id='word_1_143' title='bbox 1868 780 1985 833; x_wconf 84' lang='lat' dir='ltr'><strong>Non</strong></span> <span class='ocrx_word' id='word_1_144' title='bbox 2024 782 2087 831; x_wconf 91' lang='lat' dir='ltr'><strong>ad</strong></span> <span class='ocrx_word' id='word_1_145' title='bbox 2126 782 2557 849; x_wconf 80' lang='lat' dir='ltr'><strong>proportionem,</strong></span> <span class='ocrx_word' id='word_1_146' title='bbox 2586 782 2784 851; x_wconf 92' lang='lat' dir='ltr'><strong>inquit,</strong></span> <span class='ocrx_word' id='word_1_147' title='bbox 2818 782 3170 835; x_wconf 67' lang='lat' dir='ltr'><strong>afﬂictionun.</strong></span> <span class='ocrx_word' id='word_1_148' title='bbox 3200 798 3284 838; x_wconf 74' lang='lat' dir='ltr'><strong>est</strong></span> <span class='ocrx_word' id='word_1_149' title='bbox 3316 800 3449 836; x_wconf 88' lang='lat' dir='ltr'><strong>con-</strong></span> 
     </span>
    </p>
   </div>
   <div class='ocr_carea' id='block_1_24' title="bbox 1871 871 3449 944">
    <p class='ocr_par' dir='ltr' id='par_1_24' title="bbox 1871 871 3449 944">
     <span class='ocr_line' id='line_1_24' title="bbox 1871 871 3449 944; baseline 0.002 -20"><span class='ocrx_word' id='word_1_150' title='bbox 1871 871 2089 935; x_wconf 87' lang='lat' dir='ltr'><strong>solatio,</strong></span> <span class='ocrx_word' id='word_1_151' title='bbox 2122 871 2214 924; x_wconf 84' lang='lat' dir='ltr'><strong>sed</strong></span> <span class='ocrx_word' id='word_1_152' title='bbox 2246 874 2415 926; x_wconf 89' lang='lat' dir='ltr'><strong>multo</strong></span> <span class='ocrx_word' id='word_1_153' title='bbox 2440 873 2617 941; x_wconf 82' lang='lat' dir='ltr'><strong>major</strong></span> <span class='ocrx_word' id='word_1_154' title='bbox 2645 884 2746 928; x_wconf 89' lang='lat' dir='ltr'><strong>est.</strong></span> <span class='ocrx_word' id='word_1_155' title='bbox 2784 874 2916 927; x_wconf 88' lang='lat' dir='ltr'><strong>Nam</strong></span> <span class='ocrx_word' id='word_1_156' title='bbox 2950 874 3213 935; x_wconf 84' lang='lat' dir='ltr'><strong>abundat,</strong></span> <span class='ocrx_word' id='word_1_157' title='bbox 3249 878 3449 944; x_wconf 83' lang='lat' dir='ltr'><strong>inquit,</strong></span> 
     </span>
    </p>
   </div>
   <div class='ocr_carea' id='block_1_25' title="bbox 1870 960 3451 1034">
    <p class='ocr_par' dir='ltr' id='par_1_25' title="bbox 1870 960 3451 1034">
     <span class='ocr_line' id='line_1_25' title="bbox 1870 960 3451 1034; baseline 0.003 -20"><span class='ocrx_word' id='word_1_158' title='bbox 1870 960 2195 1014; x_wconf 87' lang='lat' dir='ltr'><strong>consolatio.</strong></span> <span class='ocrx_word' id='word_1_159' title='bbox 2236 980 2253 1010; x_wconf 76' lang='grc' dir='ltr'><strong>ι</strong></span> <span class='ocrx_word' id='word_1_160' title='bbox 2291 960 2415 1015; x_wconf 87' lang='lat' dir='ltr'><strong>Sive</strong></span> <span class='ocrx_word' id='word_1_161' title='bbox 2451 963 2742 1033; x_wconf 78' lang='lat' dir='ltr'><strong>afﬂigimur</strong></span> <span class='ocrx_word' id='word_1_162' title='bbox 2773 966 2890 1032; x_wconf 88' lang='lat' dir='ltr'><strong>(ait)</strong></span> <span class='ocrx_word' id='word_1_163' title='bbox 2926 980 3022 1034; x_wconf 92' lang='lat' dir='ltr'><strong>pro</strong></span> <span class='ocrx_word' id='word_1_164' title='bbox 3051 967 3215 1019; x_wconf 90' lang='lat' dir='ltr'><strong>vestri</strong></span> <span class='ocrx_word' id='word_1_165' title='bbox 3253 968 3451 1019; x_wconf 77' lang='lat' dir='ltr'><strong>exhor-</strong></span> 
     </span>
    </p>
   </div>
   <div class='ocr_carea' id='block_1_26' title="bbox 1872 1050 3453 1121">
    <p class='ocr_par' dir='ltr' id='par_1_26' title="bbox 1872 1050 3453 1121">
     <span class='ocr_line' id='line_1_26' title="bbox 1872 1050 3453 1121; baseline 0.004 -20"><span class='ocrx_word' id='word_1_166' title='bbox 1872 1051 2077 1103; x_wconf 88' lang='lat' dir='ltr'><strong>tatione</strong></span> <span class='ocrx_word' id='word_1_167' title='bbox 2110 1061 2163 1104; x_wconf 89' lang='lat' dir='ltr'><strong>et</strong></span> <span class='ocrx_word' id='word_1_168' title='bbox 2193 1052 2370 1103; x_wconf 90' lang='lat' dir='ltr'><strong>salute</strong></span> <span class='ocrx_word' id='word_1_169' title='bbox 2398 1050 2708 1119; x_wconf 82' lang='lat' dir='ltr'><strong>afﬂigimur.</strong></span> <span class='ocrx_word' id='word_1_170' title='bbox 2747 1073 2764 1105; x_wconf 74' lang='grc' dir='ltr'><strong>ι</strong></span> <span class='ocrx_word' id='word_1_171' title='bbox 2798 1054 3127 1119; x_wconf 85' lang='lat' dir='ltr'><strong>Quomodo?</strong></span> <span class='ocrx_word' id='word_1_172' title='bbox 3157 1055 3296 1121; x_wconf 85' lang='lat' dir='ltr'><strong>Quia</strong></span> <span class='ocrx_word' id='word_1_173' title='bbox 3324 1057 3453 1109; x_wconf 81' lang='lat' dir='ltr'><strong>lice-</strong></span> 
     </span>
    </p>
   </div>
   <div class='ocr_carea' id='block_1_27' title="bbox 1872 1141 3458 1211">
    <p class='ocr_par' dir='ltr' id='par_1_27' title="bbox 1872 1141 3458 1211">
     <span class='ocr_line' id='line_1_27' title="bbox 1872 1141 3458 1211; baseline 0.005 -18"><span class='ocrx_word' id='word_1_174' title='bbox 1872 1148 1954 1193; x_wconf 76' lang='lat' dir='ltr'><strong>ret</strong></span> <span class='ocrx_word' id='word_1_175' title='bbox 1977 1141 2133 1195; x_wconf 88' lang='lat' dir='ltr'><strong>nobis</strong></span> <span class='ocrx_word' id='word_1_176' title='bbox 2163 1156 2191 1193; x_wconf 86' lang='lat' dir='ltr'><strong>a</strong></span> <span class='ocrx_word' id='word_1_177' title='bbox 2227 1144 2614 1209; x_wconf 65' lang='lat' dir='ltr'><strong>prmdicatione</strong></span> <span class='ocrx_word' id='word_1_178' title='bbox 2641 1146 3009 1211; x_wconf 78' lang='lat' dir='ltr'><strong>cessantibus,</strong></span> <span class='ocrx_word' id='word_1_179' title='bbox 3063 1148 3116 1200; x_wconf 87' lang='lat' dir='ltr'><strong>in</strong></span> <span class='ocrx_word' id='word_1_180' title='bbox 3164 1149 3458 1201; x_wconf 82' lang='lat' dir='ltr'><strong>securitate</strong></span> 
     </span>
    </p>
   </div>
   <div class='ocr_carea' id='block_1_28' title="bbox 1868 1231 3457 1307">
    <p class='ocr_par' dir='ltr' id='par_1_28' title="bbox 1868 1231 3457 1307">
     <span class='ocr_line' id='line_1_28' title="bbox 1868 1231 3457 1307; baseline 0.004 -21"><span class='ocrx_word' id='word_1_181' title='bbox 1868 1240 1922 1286; x_wconf 90' lang='lat' dir='ltr'><strong>et</strong></span> <span class='ocrx_word' id='word_1_182' title='bbox 1952 1231 2156 1299; x_wconf 81' lang='lat' dir='ltr'><strong>absque</strong></span> <span class='ocrx_word' id='word_1_183' title='bbox 2181 1231 2375 1286; x_wconf 87' lang='lat' dir='ltr'><strong>timore</strong></span> <span class='ocrx_word' id='word_1_184' title='bbox 2396 1234 2591 1305; x_wconf 78' lang='lat' dir='ltr'><strong>degere</strong></span> <span class='ocrx_word' id='word_1_185' title='bbox 2620 1254 2632 1289; x_wconf 95' lang='lat'>:</span> <span class='ocrx_word' id='word_1_186' title='bbox 2683 1238 2774 1290; x_wconf 91' lang='lat' dir='ltr'><strong>sed</strong></span> <span class='ocrx_word' id='word_1_187' title='bbox 2802 1239 2982 1305; x_wconf 84' lang='lat' dir='ltr'><strong>potius</strong></span> <span class='ocrx_word' id='word_1_188' title='bbox 3012 1238 3262 1307; x_wconf 75' lang='lat' dir='ltr'><strong>eligimus</strong></span> <span class='ocrx_word' id='word_1_189' title='bbox 3293 1234 3457 1307; x_wconf 80' lang='lat' dir='ltr'><strong>affligi</strong></span> 
     </span>
    </p>
   </div>
   <div class='ocr_carea' id='block_1_29' title="bbox 1871 1323 3458 1396">
    <p class='ocr_par' dir='ltr' id='par_1_29' title="bbox 1871 1323 3458 1396">
     <span class='ocr_line' id='line_1_29' title="bbox 1871 1323 3458 1396; baseline 0.004 -21"><span class='ocrx_word' id='word_1_190' title='bbox 1871 1337 1932 1376; x_wconf 91' lang='lat' dir='ltr'><strong>ac</strong></span> <span class='ocrx_word' id='word_1_191' title='bbox 1955 1323 2272 1392; x_wconf 89' lang='lat' dir='ltr'><strong>periclitari,</strong></span> <span class='ocrx_word' id='word_1_192' title='bbox 2301 1333 2359 1377; x_wconf 94' lang='lat' dir='ltr'><strong>ut</strong></span> <span class='ocrx_word' id='word_1_193' title='bbox 2382 1340 2481 1379; x_wconf 88' lang='lat' dir='ltr'><strong>vos</strong></span> <span class='ocrx_word' id='word_1_194' title='bbox 2510 1342 2605 1395; x_wconf 86' lang='lat' dir='ltr'><strong>per</strong></span> <span class='ocrx_word' id='word_1_195' title='bbox 2630 1329 3071 1396; x_wconf 69' lang='lat' dir='ltr'><strong>praedicationem</strong></span> <span class='ocrx_word' id='word_1_196' title='bbox 3092 1329 3273 1383; x_wconf 86' lang='lat' dir='ltr'><strong>salvos</strong></span> <span class='ocrx_word' id='word_1_197' title='bbox 3293 1328 3458 1384; x_wconf 84' lang='lat' dir='ltr'><strong>facia-</strong></span> 
     </span>
    </p>
   </div>
   <div class='ocr_carea' id='block_1_30' title="bbox 1874 1416 3459 1488">
    <p class='ocr_par' dir='ltr' id='par_1_30' title="bbox 1874 1416 3459 1488">
     <span class='ocr_line' id='line_1_30' title="bbox 1874 1416 3459 1488; baseline 0.004 -22"><span class='ocrx_word' id='word_1_198' title='bbox 1874 1431 2029 1478; x_wconf 85' lang='lat' dir='ltr'><strong>mus,</strong></span> <span class='ocrx_word' id='word_1_199' title='bbox 2074 1426 2128 1470; x_wconf 88' lang='lat' dir='ltr'><strong>et</strong></span> <span class='ocrx_word' id='word_1_200' title='bbox 2171 1417 2236 1470; x_wconf 89' lang='lat' dir='ltr'><strong>ad</strong></span> <span class='ocrx_word' id='word_1_201' title='bbox 2276 1416 2435 1471; x_wconf 88' lang='lat' dir='ltr'><strong>fidem</strong></span> <span class='ocrx_word' id='word_1_202' title='bbox 2475 1418 2852 1472; x_wconf 76' lang='lat' dir='ltr'><strong>exhortemur.</strong></span> <span class='ocrx_word' id='word_1_203' title='bbox 2896 1418 3231 1474; x_wconf 82' lang='lat' dir='ltr'><strong>Afﬂictiones</strong></span> <span class='ocrx_word' id='word_1_204' title='bbox 3272 1421 3459 1488; x_wconf 86' lang='lat' dir='ltr'><strong>itaque</strong></span> 
     </span>
    </p>
   </div>
   <div class='ocr_carea' id='block_1_31' title="bbox 1874 1510 3460 1579">
    <p class='ocr_par' dir='ltr' id='par_1_31' title="bbox 1874 1510 3460 1579">
     <span class='ocr_line' id='line_1_31' title="bbox 1874 1510 3460 1579; baseline 0.004 -19"><span class='ocrx_word' id='word_1_205' title='bbox 1874 1511 2216 1561; x_wconf 78' lang='lat' dir='ltr'><strong>sustinemus</strong></span> <span class='ocrx_word' id='word_1_206' title='bbox 2244 1524 2341 1576; x_wconf 90' lang='lat' dir='ltr'><strong>pro</strong></span> <span class='ocrx_word' id='word_1_207' title='bbox 2384 1519 2565 1563; x_wconf 87' lang='lat' dir='ltr'><strong>vestra</strong></span> <span class='ocrx_word' id='word_1_208' title='bbox 2609 1510 2807 1572; x_wconf 77' lang='lat' dir='ltr'><strong>salute,</strong></span> <span class='ocrx_word' id='word_1_209' title='bbox 2851 1511 2902 1563; x_wconf 89' lang='lat' dir='ltr'><strong>id</strong></span> <span class='ocrx_word' id='word_1_210' title='bbox 2934 1524 3037 1573; x_wconf 89' lang='lat' dir='ltr'><strong>est,</strong></span> <span class='ocrx_word' id='word_1_211' title='bbox 3070 1528 3188 1579; x_wconf 80' lang='lat' dir='ltr'><strong>quae</strong></span> <span class='ocrx_word' id='word_1_212' title='bbox 3211 1513 3261 1565; x_wconf 91' lang='lat' dir='ltr'><strong>in</strong></span> <span class='ocrx_word' id='word_1_213' title='bbox 3306 1513 3460 1567; x_wconf 85' lang='lat' dir='ltr'><strong>vobis</strong></span> 
     </span>
    </p>
   </div>
   <div class='ocr_carea' id='block_1_32' title="bbox 1873 1599 3461 1675">
    <p class='ocr_par' dir='ltr' id='par_1_32' title="bbox 1873 1599 3461 1675">
     <span class='ocr_line' id='line_1_32' title="bbox 1873 1599 3461 1675; baseline 0.005 -23"><span class='ocrx_word' id='word_1_214' title='bbox 1873 1599 2122 1662; x_wconf 82' lang='lat' dir='ltr'><strong>efficitur,</strong></span> <span class='ocrx_word' id='word_1_215' title='bbox 2150 1601 2251 1653; x_wconf 86' lang='lat' dir='ltr'><strong>liuc</strong></span> <span class='ocrx_word' id='word_1_216' title='bbox 2281 1610 2385 1665; x_wconf 89' lang='lat' dir='ltr'><strong>est,</strong></span> <span class='ocrx_word' id='word_1_217' title='bbox 2406 1616 2471 1654; x_wconf 80' lang='lat' dir='ltr'><strong>ex</strong></span> <span class='ocrx_word' id='word_1_218' title='bbox 2493 1603 2693 1656; x_wconf 84' lang='lat' dir='ltr'><strong>virtute</strong></span> <span class='ocrx_word' id='word_1_219' title='bbox 2716 1603 2952 1673; x_wconf 82' lang='lat' dir='ltr'><strong>Spiritus</strong></span> <span class='ocrx_word' id='word_1_220' title='bbox 2984 1605 3159 1659; x_wconf 84' lang='lat' dir='ltr'><strong>sancti</strong></span> <span class='ocrx_word' id='word_1_221' title='bbox 3182 1605 3273 1674; x_wconf 85' lang='lat' dir='ltr'><strong>qui</strong></span> <span class='ocrx_word' id='word_1_222' title='bbox 3302 1607 3461 1675; x_wconf 74' lang='lat' dir='ltr'><strong>signa</strong></span> 
     </span>
    </p>
   </div>
   <div class='ocr_carea' id='block_1_33' title="bbox 1872 1690 3461 1769">
    <p class='ocr_par' dir='ltr' id='par_1_33' title="bbox 1872 1690 3461 1769">
     <span class='ocr_line' id='line_1_33' title="bbox 1872 1690 3461 1769; baseline 0.005 -27"><span class='ocrx_word' id='word_1_223' title='bbox 1872 1690 2054 1744; x_wconf 74' lang='lat' dir='ltr'><strong>efficit.</strong></span> <span class='ocrx_word' id='word_1_224' title='bbox 2091 1710 2108 1741; x_wconf 75' lang='grc' dir='ltr'><strong>ι</strong></span> <span class='ocrx_word' id='word_1_225' title='bbox 2139 1693 2269 1757; x_wconf 63' lang='lat' dir='ltr'><strong>Quae</strong></span> <span class='ocrx_word' id='word_1_226' title='bbox 2295 1693 2545 1757; x_wconf 77' lang='lat' dir='ltr'><strong>eflicitur,</strong></span> <span class='ocrx_word' id='word_1_227' title='bbox 2581 1714 2598 1745; x_wconf 78' lang='grc' dir='ltr'><strong>ι</strong></span> <span class='ocrx_word' id='word_1_228' title='bbox 2637 1711 2828 1764; x_wconf 85' lang='lat' dir='ltr'><strong>nempe</strong></span> <span class='ocrx_word' id='word_1_229' title='bbox 2861 1696 2915 1749; x_wconf 91' lang='lat' dir='ltr'><strong>in</strong></span> <span class='ocrx_word' id='word_1_230' title='bbox 2946 1698 3123 1750; x_wconf 81' lang='lat' dir='ltr'><strong>vobis.</strong></span> <span class='ocrx_word' id='word_1_231' title='bbox 3160 1716 3177 1747; x_wconf 81' lang='grc' dir='ltr'><strong>ι</strong></span> <span class='ocrx_word' id='word_1_232' title='bbox 3216 1696 3270 1749; x_wconf 90' lang='lat' dir='ltr'><strong>In</strong></span> <span class='ocrx_word' id='word_1_233' title='bbox 3302 1696 3461 1769; x_wconf 58' lang='lat'><strong>£95</strong></span> 
     </span>
    </p>
   </div>
   <div class='ocr_carea' id='block_1_34' title="bbox 1876 1782 3462 1857">
    <p class='ocr_par' dir='ltr' id='par_1_34' title="bbox 1876 1782 3462 1857">
     <span class='ocr_line' id='line_1_34' title="bbox 1876 1782 3462 1857; baseline 0.005 -25"><span class='ocrx_word' id='word_1_234' title='bbox 1876 1782 2187 1835; x_wconf 83' lang='lat' dir='ltr'><strong>tolerantia.</strong></span> <span class='ocrx_word' id='word_1_235' title='bbox 2228 1803 2244 1834; x_wconf 77' lang='grc' dir='ltr'><strong>ι</strong></span> <span class='ocrx_word' id='word_1_236' title='bbox 2288 1783 2549 1847; x_wconf 81' lang='lat' dir='ltr'><strong>Efficitur,</strong></span> <span class='ocrx_word' id='word_1_237' title='bbox 2582 1785 2778 1854; x_wconf 88' lang='lat' dir='ltr'><strong>inquit.</strong></span> <span class='ocrx_word' id='word_1_238' title='bbox 2809 1788 2959 1841; x_wconf 85' lang='lat' dir='ltr'><strong>salus</strong></span> <span class='ocrx_word' id='word_1_239' title='bbox 2992 1790 3044 1840; x_wconf 92' lang='lat' dir='ltr'><strong>in</strong></span> <span class='ocrx_word' id='word_1_240' title='bbox 3075 1788 3246 1851; x_wconf 83' lang='lat' dir='ltr'><strong>vobis,</strong></span> <span class='ocrx_word' id='word_1_241' title='bbox 3282 1791 3371 1857; x_wconf 88' lang='lat' dir='ltr'><strong>qui</strong></span> <span class='ocrx_word' id='word_1_242' title='bbox 3406 1803 3462 1840; x_wconf 87' lang='lat' dir='ltr'><strong>in</strong></span> 
     </span>
    </p>
   </div>
   <div class='ocr_carea' id='block_1_35' title="bbox 188 1861 1777 1953">
    <p class='ocr_par' dir='ltr' id='par_1_35' title="bbox 188 1882 1770 1953">
     <span class='ocr_line' id='line_1_35' title="bbox 188 1882 1770 1953; baseline 0.001 -19"><span class='ocrx_word' id='word_1_243' title='bbox 188 1885 290 1951; x_wconf 74' lang='grc' dir='ltr'>τῆς</span> <span class='ocrx_word' id='word_1_244' title='bbox 315 1882 408 1934; x_wconf 74' lang='grc' dir='ltr'>τοῦ</span> <span class='ocrx_word' id='word_1_245' title='bbox 441 1883 595 1947; x_wconf 74' lang='grc' dir='ltr'>ἁγίου</span> <span class='ocrx_word' id='word_1_246' title='bbox 636 1882 948 1950; x_wconf 77' lang='grc' dir='ltr'>[ινεύματος</span> <span class='ocrx_word' id='word_1_247' title='bbox 983 1884 1287 1951; x_wconf 84' lang='grc' dir='ltr'>δυνάμεως,</span> <span class='ocrx_word' id='word_1_248' title='bbox 1323 1884 1419 1935; x_wconf 72' lang='grc' dir='ltr'><strong>τοῦ</strong></span> <span class='ocrx_word' id='word_1_249' title='bbox 1460 1883 1528 1935; x_wconf 74' lang='grc' dir='ltr'><strong>τὰ</strong></span> <span class='ocrx_word' id='word_1_250' title='bbox 1570 1887 1770 1953; x_wconf 78' lang='grc' dir='ltr'>σημεῖα</span> 
     </span>
    </p>
   </div>
   <div class='ocr_carea' id='block_1_36' title="bbox 1878 1861 3459 1953">
    <p class='ocr_par' dir='ltr' id='par_1_36' title="bbox 1880 1874 3459 1943">
     <span class='ocr_line' id='line_1_36' title="bbox 1880 1874 3459 1943; baseline 0.002 -17"><span class='ocrx_word' id='word_1_251' title='bbox 1880 1874 2181 1942; x_wconf 66' lang='grc' dir='ltr'>α’(ιιιυιὶὺυε</span> <span class='ocrx_word' id='word_1_252' title='bbox 2231 1876 2515 1929; x_wconf 86' lang='lat' dir='ltr'><strong>nobiscum</strong></span> <span class='ocrx_word' id='word_1_253' title='bbox 2557 1878 2692 1931; x_wconf 86' lang='lat' dir='ltr'><strong>estis</strong></span> <span class='ocrx_word' id='word_1_254' title='bbox 2734 1878 3136 1931; x_wconf 89' lang='lat' dir='ltr'><strong>afﬂictionibus.</strong></span> <span class='ocrx_word' id='word_1_255' title='bbox 3185 1876 3459 1943; x_wconf 85' lang='lat' dir='ltr'><strong>Quemad-</strong></span> 
     </span>
    </p>
   </div>
   <div class='ocr_carea' id='block_1_37' title="bbox 191 1973 1767 2043">
    <p class='ocr_par' dir='ltr' id='par_1_37' title="bbox 191 1973 1767 2043">
     <span class='ocr_line' id='line_1_37' title="bbox 191 1973 1767 2043; baseline 0.003 -19"><span class='ocrx_word' id='word_1_256' title='bbox 191 1973 721 2042; x_wconf 77' lang='grc' dir='ltr'>ὲνεργοῦντος.ιτῆς</span> <span class='ocrx_word' id='word_1_257' title='bbox 754 1973 1499 2042; x_wconf 76' lang='grc' dir='ltr'>ἐνεργουμένης,»τουτέστιν</span> <span class='ocrx_word' id='word_1_258' title='bbox 1530 1978 1584 2027; x_wconf 79' lang='grc' dir='ltr'>ἐν</span> <span class='ocrx_word' id='word_1_259' title='bbox 1617 1976 1767 2043; x_wconf 74' lang='grc' dir='ltr'>ὑμῖν.</span> 
     </span>
    </p>
   </div>
   <div class='ocr_carea' id='block_1_38' title="bbox 198 2064 1771 2135">
    <p class='ocr_par' dir='ltr' id='par_1_38' title="bbox 198 2064 1771 2135">
     <span class='ocr_line' id='line_1_38' title="bbox 198 2064 1771 2135; baseline 0 -18"><span class='ocrx_word' id='word_1_260' title='bbox 198 2085 215 2117; x_wconf 76' lang='grc' dir='ltr'><strong>ι</strong></span> <span class='ocrx_word' id='word_1_261' title='bbox 255 2066 343 2117; x_wconf 79' lang='grc' dir='ltr'>Ἐν</span> <span class='ocrx_word' id='word_1_262' title='bbox 382 2066 696 2135; x_wconf 78' lang='grc' dir='ltr'>ὑπομονῇ.»</span> <span class='ocrx_word' id='word_1_263' title='bbox 741 2065 1078 2134; x_wconf 68' lang='grc' dir='ltr'>Ἰεῖνεργεῑται</span> <span class='ocrx_word' id='word_1_264' title='bbox 1146 2065 1205 2115; x_wconf 86' lang='grc' dir='ltr'>ὲν</span> <span class='ocrx_word' id='word_1_265' title='bbox 1239 2064 1370 2131; x_wconf 77' lang='grc' dir='ltr'>ὑμῖν</span> <span class='ocrx_word' id='word_1_266' title='bbox 1426 2067 1457 2133; x_wconf 78' lang='grc' dir='ltr'>ἡ</span> <span class='ocrx_word' id='word_1_267' title='bbox 1506 2066 1771 2134; x_wconf 82' lang='grc' dir='ltr'>σωτηρία,</span> 
     </span>
    </p>
   </div>
   <div class='ocr_carea' id='block_1_39' title="bbox 194 2151 1770 2224">
    <p class='ocr_par' dir='ltr' id='par_1_39' title="bbox 194 2151 1770 2224">
     <span class='ocr_line' id='line_1_39' title="bbox 194 2151 1770 2224; baseline 0 -17"><span class='ocrx_word' id='word_1_268' title='bbox 194 2157 389 2224; x_wconf 75' lang='grc' dir='ltr'>φησὶν,</span> <span class='ocrx_word' id='word_1_269' title='bbox 423 2158 479 2206; x_wconf 81' lang='grc' dir='ltr'>ἐν</span> <span class='ocrx_word' id='word_1_270' title='bbox 518 2156 763 2223; x_wconf 79' lang='grc' dir='ltr'>ὑπομονῇ</span> <span class='ocrx_word' id='word_1_271' title='bbox 806 2151 924 2207; x_wconf 77' lang='grc' dir='ltr'>οὖσι</span> <span class='ocrx_word' id='word_1_272' title='bbox 959 2154 1066 2205; x_wconf 83' lang='grc' dir='ltr'><strong>τῶν</strong></span> <span class='ocrx_word' id='word_1_273' title='bbox 1094 2153 1223 2205; x_wconf 71' lang='grc' dir='ltr'>ἴσων</span> <span class='ocrx_word' id='word_1_274' title='bbox 1252 2154 1382 2219; x_wconf 75' lang='grc' dir='ltr'>ἡμῖν</span> <span class='ocrx_word' id='word_1_275' title='bbox 1409 2154 1770 2222; x_wconf 75' lang='grc' dir='ltr'><strong>παθημάτων.</strong></span> 
     </span>
    </p>
   </div>
   <div class='ocr_carea' id='block_1_40' title="bbox 196 2246 1772 2316">
    <p class='ocr_par' dir='ltr' id='par_1_40' title="bbox 196 2246 1772 2316">
     <span class='ocr_line' id='line_1_40' title="bbox 196 2246 1772 2316; baseline 0 -17"><span class='ocrx_word' id='word_1_276' title='bbox 196 2248 414 2315; x_wconf 84' lang='grc' dir='ltr'>Ὥσπερ</span> <span class='ocrx_word' id='word_1_277' title='bbox 440 2249 545 2316; x_wconf 74' lang='grc' dir='ltr'>γὰρ</span> <span class='ocrx_word' id='word_1_278' title='bbox 574 2250 734 2315; x_wconf 80' lang='grc' dir='ltr'>ἡμεῖς</span> <span class='ocrx_word' id='word_1_279' title='bbox 763 2247 1128 2315; x_wconf 75' lang='grc' dir='ltr'><strong>κηρύσσοντες</strong></span> <span class='ocrx_word' id='word_1_280' title='bbox 1169 2246 1567 2314; x_wconf 75' lang='grc' dir='ltr'>πειραζὸμεθα,</span> <span class='ocrx_word' id='word_1_281' title='bbox 1599 2246 1772 2308; x_wconf 74' lang='grc' dir='ltr'>οὑτως</span> 
     </span>
    </p>
   </div>
   <div class='ocr_carea' id='block_1_41' title="bbox 197 2337 1773 2409">
    <p class='ocr_par' dir='ltr' id='par_1_41' title="bbox 197 2337 1773 2409">
     <span class='ocr_line' id='line_1_41' title="bbox 197 2337 1773 2409; baseline 0.001 -19"><span class='ocrx_word' id='word_1_282' title='bbox 197 2340 292 2391; x_wconf 78' lang='grc' dir='ltr'><strong>καὶ</strong></span> <span class='ocrx_word' id='word_1_283' title='bbox 344 2340 502 2405; x_wconf 88' lang='grc' dir='ltr'>ὑμεῖς</span> <span class='ocrx_word' id='word_1_284' title='bbox 551 2340 968 2407; x_wconf 69' lang='grc' dir='ltr'>μαθητεύοντες.</span> <span class='ocrx_word' id='word_1_285' title='bbox 1032 2337 1239 2407; x_wconf 77' lang='grc' dir='ltr'>Πολλὴν</span> <span class='ocrx_word' id='word_1_286' title='bbox 1283 2338 1337 2391; x_wconf 81' lang='grc' dir='ltr'>δὲ</span> <span class='ocrx_word' id='word_1_287' title='bbox 1363 2339 1563 2409; x_wconf 76' lang='grc' dir='ltr'>ἀρετὴν</span> <span class='ocrx_word' id='word_1_288' title='bbox 1592 2342 1773 2403; x_wconf 78' lang='grc' dir='ltr'>αὑτοῖς</span> 
     </span>
    </p>
   </div>
   <div class='ocr_carea' id='block_1_42' title="bbox 199 2428 1771 2499">
    <p class='ocr_par' dir='ltr' id='par_1_42' title="bbox 199 2428 1771 2499">
     <span class='ocr_line' id='line_1_42' title="bbox 199 2428 1771 2499; baseline 0.002 -19"><span class='ocrx_word' id='word_1_289' title='bbox 199 2432 490 2499; x_wconf 82' lang='grc' dir='ltr'>μαρτυρεῖ.</span> <span class='ocrx_word' id='word_1_290' title='bbox 533 2431 613 2481; x_wconf 79' lang='grc' dir='ltr'>ὅτι</span> <span class='ocrx_word' id='word_1_291' title='bbox 671 2431 807 2498; x_wconf 70' lang='grc' dir='ltr'>μετὰ</span> <span class='ocrx_word' id='word_1_292' title='bbox 879 2428 1203 2497; x_wconf 83' lang='grc' dir='ltr'>πειρασμῶν</span> <span class='ocrx_word' id='word_1_293' title='bbox 1267 2430 1509 2496; x_wconf 72' lang='grc' dir='ltr'>ἐδέχοντο</span> <span class='ocrx_word' id='word_1_294' title='bbox 1563 2431 1624 2482; x_wconf 75' lang='grc' dir='ltr'>τὸ</span> <span class='ocrx_word' id='word_1_295' title='bbox 1670 2433 1771 2499; x_wconf 82' lang='grc' dir='ltr'><strong>κή-</strong></span> 
     </span>
    </p>
   </div>
   <div class='ocr_carea' id='block_1_43' title="bbox 199 2517 1780 2592">
    <p class='ocr_par' dir='ltr' id='par_1_43' title="bbox 199 2517 1780 2592">
     <span class='ocr_line' id='line_1_43' title="bbox 199 2517 1780 2592; baseline -0.001 -20"><span class='ocrx_word' id='word_1_296' title='bbox 199 2539 406 2590; x_wconf 73' lang='grc' dir='ltr'>ρυγμα.</span> <span class='ocrx_word' id='word_1_297' title='bbox 445 2540 461 2571; x_wconf 73' lang='grc' dir='ltr'><strong>ε</strong></span> <span class='ocrx_word' id='word_1_298' title='bbox 492 2521 598 2572; x_wconf 74' lang='grc' dir='ltr'><strong>Καὶ</strong></span> <span class='ocrx_word' id='word_1_299' title='bbox 637 2522 669 2589; x_wconf 80' lang='grc' dir='ltr'>ὴ</span> <span class='ocrx_word' id='word_1_300' title='bbox 700 2519 856 2581; x_wconf 75' lang='grc' dir='ltr'>ἐλπὶς</span> <span class='ocrx_word' id='word_1_301' title='bbox 895 2519 1073 2587; x_wconf 79' lang='grc' dir='ltr'>ἡμῶν.</span> <span class='ocrx_word' id='word_1_302' title='bbox 1107 2538 1123 2570; x_wconf 71' lang='grc' dir='ltr'><strong>ι</strong></span> <span class='ocrx_word' id='word_1_303' title='bbox 1168 2549 1239 2559; x_wconf 96' lang='lat'><strong>—</strong></span> <span class='ocrx_word' id='word_1_304' title='bbox 1273 2517 1482 2592; x_wconf 79' lang='grc' dir='ltr'><strong>ῘΦΩΤ.]</strong></span> <span class='ocrx_word' id='word_1_305' title='bbox 1525 2522 1661 2574; x_wconf 77' lang='grc' dir='ltr'>Ποία</span> <span class='ocrx_word' id='word_1_306' title='bbox 1696 2522 1780 2573; x_wconf 76' lang='grc' dir='ltr'><strong>ἐλ-</strong></span> 
     </span>
    </p>
   </div>
   <div class='ocr_carea' id='block_1_44' title="bbox 200 2610 1775 2683">
    <p class='ocr_par' dir='ltr' id='par_1_44' title="bbox 200 2610 1775 2683">
     <span class='ocr_line' id='line_1_44' title="bbox 200 2610 1775 2683; baseline 0.005 -22"><span class='ocrx_word' id='word_1_307' title='bbox 200 2610 331 2673; x_wconf 77' lang='grc' dir='ltr'>πίς;</span> <span class='ocrx_word' id='word_1_308' title='bbox 367 2612 449 2662; x_wconf 75' lang='grc' dir='ltr'>ὅτι</span> <span class='ocrx_word' id='word_1_309' title='bbox 490 2612 859 2681; x_wconf 75' lang='grc' dir='ltr'>ἐνεργουμένη</span> <span class='ocrx_word' id='word_1_310' title='bbox 885 2612 1037 2664; x_wconf 82' lang='grc' dir='ltr'>ἔσται</span> <span class='ocrx_word' id='word_1_311' title='bbox 1074 2612 1131 2664; x_wconf 85' lang='grc' dir='ltr'>ὲν</span> <span class='ocrx_word' id='word_1_312' title='bbox 1157 2611 1288 2680; x_wconf 82' lang='grc' dir='ltr'>ὑμῖν</span> <span class='ocrx_word' id='word_1_313' title='bbox 1317 2613 1349 2681; x_wconf 88' lang='grc' dir='ltr'><strong>ή</strong></span> <span class='ocrx_word' id='word_1_314' title='bbox 1385 2616 1649 2683; x_wconf 81' lang='grc' dir='ltr'>σωτηρία,</span> <span class='ocrx_word' id='word_1_315' title='bbox 1674 2615 1775 2669; x_wconf 74' lang='grc' dir='ltr'>κᾶν</span> 
     </span>
    </p>
   </div>
   <div class='ocr_carea' id='block_1_45' title="bbox 199 2703 1775 2774">
    <p class='ocr_par' dir='ltr' id='par_1_45' title="bbox 199 2703 1775 2774">
     <span class='ocr_line' id='line_1_45' title="bbox 199 2703 1775 2774; baseline 0.005 -22"><span class='ocrx_word' id='word_1_316' title='bbox 199 2704 272 2752; x_wconf 68' lang='grc' dir='ltr'>τὰ</span> <span class='ocrx_word' id='word_1_317' title='bbox 318 2703 457 2754; x_wconf 73' lang='grc' dir='ltr'>αὐτὰ</span> <span class='ocrx_word' id='word_1_318' title='bbox 518 2704 647 2771; x_wconf 79' lang='grc' dir='ltr'>ἡμῖν</span> <span class='ocrx_word' id='word_1_319' title='bbox 699 2704 791 2754; x_wconf 72' lang='grc' dir='ltr'><strong>καὶ</strong></span> <span class='ocrx_word' id='word_1_320' title='bbox 863 2704 989 2771; x_wconf 85' lang='grc' dir='ltr'>ὑμῖν</span> <span class='ocrx_word' id='word_1_321' title='bbox 1041 2703 1387 2772; x_wconf 83' lang='grc' dir='ltr'>συνενεχθείη</span> <span class='ocrx_word' id='word_1_322' title='bbox 1450 2706 1775 2774; x_wconf 78' lang='grc' dir='ltr'>παθήματα.</span> 
     </span>
    </p>
   </div>
   <div class='ocr_carea' id='block_1_46' title="bbox 199 2793 1778 2868">
    <p class='ocr_par' dir='ltr' id='par_1_46' title="bbox 199 2793 1778 2868">
     <span class='ocr_line' id='line_1_46' title="bbox 199 2793 1778 2868; baseline 0.004 -23"><span class='ocrx_word' id='word_1_323' title='bbox 199 2793 371 2857; x_wconf 78' lang='grc' dir='ltr'>Πῶςς</span> <span class='ocrx_word' id='word_1_324' title='bbox 419 2794 925 2863; x_wconf 62' lang='grc' dir='ltr'>Παρακαλοῦμενοι,</span> <span class='ocrx_word' id='word_1_325' title='bbox 974 2796 1118 2864; x_wconf 80' lang='grc' dir='ltr'>ὑπὲρ</span> <span class='ocrx_word' id='word_1_326' title='bbox 1154 2797 1252 2864; x_wconf 73' lang='grc' dir='ltr'>τῆς</span> <span class='ocrx_word' id='word_1_327' title='bbox 1305 2797 1459 2865; x_wconf 85' lang='grc' dir='ltr'>ὑμῶν</span> <span class='ocrx_word' id='word_1_328' title='bbox 1502 2799 1778 2868; x_wconf 84' lang='grc' dir='ltr'>σωτηρίας</span> 
     </span>
    </p>
   </div>
   <div class='ocr_carea' id='block_1_47' title="bbox 199 2887 1777 2957">
    <p class='ocr_par' dir='ltr' id='par_1_47' title="bbox 199 2887 1777 2957">
     <span class='ocr_line' id='line_1_47' title="bbox 199 2887 1777 2957; baseline 0.004 -19"><span class='ocrx_word' id='word_1_329' title='bbox 199 2887 693 2955; x_wconf 67' lang='grc' dir='ltr'>παρακαλούμεθα,</span> <span class='ocrx_word' id='word_1_330' title='bbox 748 2889 1060 2951; x_wconf 77' lang='grc' dir='ltr'>ἀπόδειξιν,</span> <span class='ocrx_word' id='word_1_331' title='bbox 1138 2889 1324 2957; x_wconf 73' lang='grc' dir='ltr'>φησὶν,</span> <span class='ocrx_word' id='word_1_332' title='bbox 1380 2892 1627 2943; x_wconf 77' lang='grc' dir='ltr'>ἐντεῦθεν</span> <span class='ocrx_word' id='word_1_333' title='bbox 1686 2895 1777 2944; x_wconf 71' lang='grc' dir='ltr'><strong>καὶ</strong></span> 
     </span>
    </p>
   </div>
   <div class='ocr_carea' id='block_1_48' title="bbox 201 2978 1778 3052">
    <p class='ocr_par' dir='ltr' id='par_1_48' title="bbox 201 2978 1778 3052">
     <span class='ocr_line' id='line_1_48' title="bbox 201 2978 1778 3052; baseline 0.005 -27"><span class='ocrx_word' id='word_1_334' title='bbox 201 2978 407 3042; x_wconf 79' lang='grc' dir='ltr'>γνῶσιν</span> <span class='ocrx_word' id='word_1_335' title='bbox 441 2979 922 3048; x_wconf 67' lang='grc' dir='ltr'>ἀναμφισϐήτητον</span> <span class='ocrx_word' id='word_1_336' title='bbox 961 2979 1352 3049; x_wconf 70' lang='grc' dir='ltr'>λαμϐάνοντες,</span> <span class='ocrx_word' id='word_1_337' title='bbox 1381 2982 1461 3033; x_wconf 83' lang='grc' dir='ltr'>ὅτι</span> <span class='ocrx_word' id='word_1_338' title='bbox 1498 2983 1589 3033; x_wconf 80' lang='grc' dir='ltr'><strong>καὶ</strong></span> <span class='ocrx_word' id='word_1_339' title='bbox 1622 2984 1778 3052; x_wconf 71' lang='grc' dir='ltr'>ὑμεῖς</span> 
     </span>
    </p>
   </div>
   <div class='ocr_carea' id='block_1_49' title="bbox 202 3065 1784 3140">
    <p class='ocr_par' dir='ltr' id='par_1_49' title="bbox 202 3065 1784 3140">
     <span class='ocr_line' id='line_1_49' title="bbox 202 3065 1784 3140; baseline 0.007 -26"><span class='ocrx_word' id='word_1_340' title='bbox 202 3065 726 3135; x_wconf 80' lang='grc' dir='ltr'>παρακληθήσεσθε,</span> <span class='ocrx_word' id='word_1_341' title='bbox 791 3067 930 3120; x_wconf 84' lang='grc' dir='ltr'>ὥστε</span> <span class='ocrx_word' id='word_1_342' title='bbox 986 3070 1139 3121; x_wconf 86' lang='grc' dir='ltr'>οὐδὲν</span> <span class='ocrx_word' id='word_1_343' title='bbox 1202 3066 1365 3140; x_wconf 84' lang='grc' dir='ltr'>ἦττον</span> <span class='ocrx_word' id='word_1_344' title='bbox 1398 3074 1454 3123; x_wconf 77' lang='grc' dir='ltr'>ὲν</span> <span class='ocrx_word' id='word_1_345' title='bbox 1493 3067 1572 3131; x_wconf 77' lang='grc' dir='ltr'>οἷς</span> <span class='ocrx_word' id='word_1_346' title='bbox 1630 3073 1784 3125; x_wconf 69' lang='grc' dir='ltr'>αὑτοὶ</span> 
     </span>
    </p>
   </div>
   <div class='ocr_carea' id='block_1_50' title="bbox 1887 1964 3465 2038">
    <p class='ocr_par' dir='ltr' id='par_1_50' title="bbox 1887 1964 3465 2038">
     <span class='ocr_line' id='line_1_50' title="bbox 1887 1964 3465 2038; baseline 0.003 -19"><span class='ocrx_word' id='word_1_347' title='bbox 1887 1964 2108 2019; x_wconf 89' lang='lat' dir='ltr'><strong>modum</strong></span> <span class='ocrx_word' id='word_1_348' title='bbox 2142 1966 2284 2018; x_wconf 88' lang='lat' dir='ltr'><strong>enim</strong></span> <span class='ocrx_word' id='word_1_349' title='bbox 2324 1968 2615 2037; x_wconf 81' lang='lat' dir='ltr'><strong>afﬂigimur</strong></span> <span class='ocrx_word' id='word_1_350' title='bbox 2640 1985 2738 2022; x_wconf 87' lang='lat' dir='ltr'><strong>nos</strong></span> <span class='ocrx_word' id='word_1_351' title='bbox 2767 1972 2857 2038; x_wconf 91' lang='lat' dir='ltr'><strong>qui</strong></span> <span class='ocrx_word' id='word_1_352' title='bbox 2894 1988 2939 2038; x_wconf 72' lang='lat' dir='ltr'><strong>pi</strong></span> <span class='ocrx_word' id='word_1_353' title='bbox 3046 1971 3274 2027; x_wconf 89' lang='lat' dir='ltr'><strong>icamus.</strong></span> <span class='ocrx_word' id='word_1_354' title='bbox 3306 1969 3381 2021; x_wconf 88' lang='lat' dir='ltr'><strong>ita</strong></span> <span class='ocrx_word' id='word_1_355' title='bbox 3409 1976 3465 2023; x_wconf 89' lang='lat' dir='ltr'><strong>et</strong></span> 
     </span>
    </p>
   </div>
   <div class='ocr_carea' id='block_1_51' title="bbox 1886 2058 3464 2130">
    <p class='ocr_par' dir='ltr' id='par_1_51' title="bbox 1886 2058 3464 2130">
     <span class='ocr_line' id='line_1_51' title="bbox 1886 2058 3464 2130; baseline 0.003 -19"><span class='ocrx_word' id='word_1_356' title='bbox 1886 2074 1982 2112; x_wconf 91' lang='lat' dir='ltr'><strong>vos</strong></span> <span class='ocrx_word' id='word_1_357' title='bbox 2025 2058 2113 2127; x_wconf 84' lang='lat' dir='ltr'><strong>qui</strong></span> <span class='ocrx_word' id='word_1_358' title='bbox 2151 2058 2383 2113; x_wconf 89' lang='lat' dir='ltr'><strong>discitis.</strong></span> <span class='ocrx_word' id='word_1_359' title='bbox 2419 2061 2722 2114; x_wconf 78' lang='lat' dir='ltr'><strong>Attestalur</strong></span> <span class='ocrx_word' id='word_1_360' title='bbox 2751 2071 2931 2115; x_wconf 82' lang='lat' dir='ltr'><strong>autem</strong></span> <span class='ocrx_word' id='word_1_361' title='bbox 2968 2063 3046 2116; x_wconf 90' lang='lat' dir='ltr'><strong>eis</strong></span> <span class='ocrx_word' id='word_1_362' title='bbox 3073 2062 3217 2130; x_wconf 89' lang='lat' dir='ltr'><strong>quod</strong></span> <span class='ocrx_word' id='word_1_363' title='bbox 3256 2076 3464 2129; x_wconf 76' lang='lat' dir='ltr'><strong>magna:</strong></span> 
     </span>
    </p>
   </div>
   <div class='ocr_carea' id='block_1_52' title="bbox 1887 2152 3463 2223">
    <p class='ocr_par' dir='ltr' id='par_1_52' title="bbox 1887 2152 3463 2223">
     <span class='ocr_line' id='line_1_52' title="bbox 1887 2152 3463 2223; baseline 0.002 -18"><span class='ocrx_word' id='word_1_364' title='bbox 1887 2154 1996 2205; x_wconf 87' lang='lat' dir='ltr'><strong>sint</strong></span> <span class='ocrx_word' id='word_1_365' title='bbox 2042 2152 2284 2213; x_wconf 90' lang='lat' dir='ltr'><strong>virtutis,</strong></span> <span class='ocrx_word' id='word_1_366' title='bbox 2331 2153 2457 2222; x_wconf 90' lang='lat' dir='ltr'><strong>quia</strong></span> <span class='ocrx_word' id='word_1_367' title='bbox 2512 2154 2650 2206; x_wconf 89' lang='lat' dir='ltr'><strong>inter</strong></span> <span class='ocrx_word' id='word_1_368' title='bbox 2705 2153 3044 2208; x_wconf 76' lang='lat' dir='ltr'><strong>afflictionetn</strong></span> <span class='ocrx_word' id='word_1_369' title='bbox 3093 2155 3463 2223; x_wconf 82' lang='lat' dir='ltr'><strong>suscipiebant</strong></span> 
     </span>
    </p>
   </div>
   <div class='ocr_carea' id='block_1_53' title="bbox 1886 2243 3460 2312">
    <p class='ocr_par' dir='ltr' id='par_1_53' title="bbox 1886 2243 3460 2312">
     <span class='ocr_line' id='line_1_53' title="bbox 1886 2243 3460 2312; baseline 0.001 -17"><span class='ocrx_word' id='word_1_370' title='bbox 1886 2244 2348 2312; x_wconf 67' lang='lat' dir='ltr'><strong>prmilii-ationcm.</strong></span> <span class='ocrx_word' id='word_1_371' title='bbox 2406 2262 2423 2294; x_wconf 81' lang='grc' dir='ltr'><strong>ι</strong></span> <span class='ocrx_word' id='word_1_372' title='bbox 2465 2243 2529 2297; x_wconf 79' lang='lat' dir='ltr'><strong>Et</strong></span> <span class='ocrx_word' id='word_1_373' title='bbox 2583 2261 2706 2310; x_wconf 84' lang='lat' dir='ltr'><strong>spes</strong></span> <span class='ocrx_word' id='word_1_374' title='bbox 2762 2256 2964 2299; x_wconf 74' lang='lat' dir='ltr'><strong>nosrra.</strong></span> <span class='ocrx_word' id='word_1_375' title='bbox 3011 2266 3028 2296; x_wconf 70' lang='grc' dir='ltr'><strong>ι</strong></span> <span class='ocrx_word' id='word_1_376' title='bbox 3090 2275 3160 2286; x_wconf 89' lang='grc'><strong><em>-</em></strong></span> <span class='ocrx_word' id='word_1_377' title='bbox 3201 2244 3460 2311; x_wconf 70' lang='lat' dir='ltr'><strong>Quaenam</strong></span> 
     </span>
    </p>
   </div>
   <div class='ocr_carea' id='block_1_54' title="bbox 1884 2336 3462 2405">
    <p class='ocr_par' dir='ltr' id='par_1_54' title="bbox 1884 2336 3462 2405">
     <span class='ocr_line' id='line_1_54' title="bbox 1884 2336 3462 2405; baseline 0 -16"><span class='ocrx_word' id='word_1_378' title='bbox 1884 2336 2061 2403; x_wconf 84' lang='lat' dir='ltr'><strong>spes?</strong></span> <span class='ocrx_word' id='word_1_379' title='bbox 2103 2352 2295 2405; x_wconf 87' lang='lat' dir='ltr'><strong>nempe</strong></span> <span class='ocrx_word' id='word_1_380' title='bbox 2338 2336 2482 2404; x_wconf 89' lang='lat' dir='ltr'><strong>quod</strong></span> <span class='ocrx_word' id='word_1_381' title='bbox 2523 2337 2850 2405; x_wconf 86' lang='lat' dir='ltr'><strong>perficienda</strong></span> <span class='ocrx_word' id='word_1_382' title='bbox 2894 2339 2964 2391; x_wconf 92' lang='lat' dir='ltr'><strong>sit</strong></span> <span class='ocrx_word' id='word_1_383' title='bbox 3000 2337 3050 2390; x_wconf 92' lang='lat' dir='ltr'><strong>in</strong></span> <span class='ocrx_word' id='word_1_384' title='bbox 3090 2338 3242 2390; x_wconf 81' lang='lat' dir='ltr'><strong>vobis</strong></span> <span class='ocrx_word' id='word_1_385' title='bbox 3287 2338 3462 2400; x_wconf 89' lang='lat' dir='ltr'><strong>salus,</strong></span> 
     </span>
    </p>
   </div>
   <div class='ocr_carea' id='block_1_55' title="bbox 1885 2426 3466 2498">
    <p class='ocr_par' dir='ltr' id='par_1_55' title="bbox 1885 2426 3466 2498">
     <span class='ocr_line' id='line_1_55' title="bbox 1885 2426 3466 2498; baseline 0.003 -19"><span class='ocrx_word' id='word_1_386' title='bbox 1885 2442 2218 2496; x_wconf 88' lang='lat' dir='ltr'><strong>quamquam</strong></span> <span class='ocrx_word' id='word_1_387' title='bbox 2250 2428 2451 2481; x_wconf 72' lang='lat' dir='ltr'><strong>e:edcm</strong></span> <span class='ocrx_word' id='word_1_388' title='bbox 2487 2430 2645 2481; x_wconf 87' lang='lat' dir='ltr'><strong>nobis</strong></span> <span class='ocrx_word' id='word_1_389' title='bbox 2680 2444 2741 2481; x_wconf 90' lang='lat' dir='ltr'><strong>ac</strong></span> <span class='ocrx_word' id='word_1_390' title='bbox 2782 2430 2936 2484; x_wconf 86' lang='lat' dir='ltr'><strong>vobis</strong></span> <span class='ocrx_word' id='word_1_391' title='bbox 2980 2430 3302 2498; x_wconf 82' lang='lat' dir='ltr'><strong>contingant</strong></span> <span class='ocrx_word' id='word_1_392' title='bbox 3332 2426 3466 2484; x_wconf 78' lang='lat' dir='ltr'><strong>afﬂi-</strong></span> 
     </span>
    </p>
   </div>
   <div class='ocr_carea' id='block_1_56' title="bbox 1887 2516 3464 2591">
    <p class='ocr_par' dir='ltr' id='par_1_56' title="bbox 1887 2516 3464 2591">
     <span class='ocr_line' id='line_1_56' title="bbox 1887 2516 3464 2591; baseline 0.006 -24"><span class='ocrx_word' id='word_1_393' title='bbox 1887 2517 2121 2571; x_wconf 88' lang='lat' dir='ltr'><strong>ctiones.</strong></span> <span class='ocrx_word' id='word_1_394' title='bbox 2153 2516 2438 2583; x_wconf 87' lang='lat' dir='ltr'><strong>Quomodo</strong></span> <span class='ocrx_word' id='word_1_395' title='bbox 2465 2519 2488 2572; x_wconf 87' lang='lat'><strong>?</strong></span> <span class='ocrx_word' id='word_1_396' title='bbox 2518 2520 2958 2574; x_wconf 84' lang='lat' dir='ltr'><strong>Consolationcm</strong></span> <span class='ocrx_word' id='word_1_397' title='bbox 2991 2522 3344 2589; x_wconf 82' lang='lat' dir='ltr'><strong>accipientes,</strong></span> <span class='ocrx_word' id='word_1_398' title='bbox 3365 2536 3464 2591; x_wconf 89' lang='lat' dir='ltr'><strong>pro</strong></span> 
     </span>
    </p>
   </div>
   <div class='ocr_carea' id='block_1_57' title="bbox 1888 2609 3464 2680">
    <p class='ocr_par' dir='ltr' id='par_1_57' title="bbox 1888 2609 3464 2680">
     <span class='ocr_line' id='line_1_57' title="bbox 1888 2609 3464 2680; baseline 0.003 -22"><span class='ocrx_word' id='word_1_399' title='bbox 1888 2614 2067 2661; x_wconf 83' lang='lat' dir='ltr'><strong>vestra</strong></span> <span class='ocrx_word' id='word_1_400' title='bbox 2097 2609 2273 2663; x_wconf 92' lang='lat' dir='ltr'><strong>salute</strong></span> <span class='ocrx_word' id='word_1_401' title='bbox 2299 2610 2670 2673; x_wconf 89' lang='lat' dir='ltr'><strong>consolamur,</strong></span> <span class='ocrx_word' id='word_1_402' title='bbox 2706 2611 3102 2679; x_wconf 89' lang='lat' dir='ltr'><strong>probationem,</strong></span> <span class='ocrx_word' id='word_1_403' title='bbox 3136 2611 3331 2680; x_wconf 77' lang='lat' dir='ltr'><strong>inquit,</strong></span> <span class='ocrx_word' id='word_1_404' title='bbox 3362 2626 3464 2667; x_wconf 79' lang='lat' dir='ltr'><strong>no-</strong></span> 
     </span>
    </p>
   </div>
   <div class='ocr_carea' id='block_1_58' title="bbox 1886 2700 3463 2771">
    <p class='ocr_par' dir='ltr' id='par_1_58' title="bbox 1886 2700 3463 2771">
     <span class='ocr_line' id='line_1_58' title="bbox 1886 2700 3463 2771; baseline 0.003 -20"><span class='ocrx_word' id='word_1_405' title='bbox 1886 2700 2174 2767; x_wconf 90' lang='lat' dir='ltr'><strong>titiamque</strong></span> <span class='ocrx_word' id='word_1_406' title='bbox 2225 2701 2584 2754; x_wconf 87' lang='lat' dir='ltr'><strong>indubitatam</strong></span> <span class='ocrx_word' id='word_1_407' title='bbox 2647 2702 3020 2769; x_wconf 86' lang='lat' dir='ltr'><strong>accipientes,</strong></span> <span class='ocrx_word' id='word_1_408' title='bbox 3075 2702 3220 2771; x_wconf 86' lang='lat' dir='ltr'><strong>quod</strong></span> <span class='ocrx_word' id='word_1_409' title='bbox 3264 2712 3319 2755; x_wconf 91' lang='lat' dir='ltr'><strong>et</strong></span> <span class='ocrx_word' id='word_1_410' title='bbox 3365 2718 3463 2757; x_wconf 86' lang='lat' dir='ltr'><strong>vos</strong></span> 
     </span>
    </p>
   </div>
   <div class='ocr_carea' id='block_1_59' title="bbox 1888 2793 3466 2862">
    <p class='ocr_par' dir='ltr' id='par_1_59' title="bbox 1888 2793 3466 2862">
     <span class='ocr_line' id='line_1_59' title="bbox 1888 2793 3466 2862; baseline 0.003 -17"><span class='ocrx_word' id='word_1_411' title='bbox 1888 2793 2314 2845; x_wconf 86' lang='lat' dir='ltr'><strong>consolationem</strong></span> <span class='ocrx_word' id='word_1_412' title='bbox 2346 2793 2706 2846; x_wconf 88' lang='lat' dir='ltr'><strong>indubitatam</strong></span> <span class='ocrx_word' id='word_1_413' title='bbox 2728 2795 3006 2862; x_wconf 88' lang='lat' dir='ltr'><strong>accipietis</strong></span> <span class='ocrx_word' id='word_1_414' title='bbox 3033 2811 3046 2847; x_wconf 88' lang='lat'><strong>:</strong></span> <span class='ocrx_word' id='word_1_415' title='bbox 3073 2804 3129 2848; x_wconf 90' lang='lat' dir='ltr'><strong>ut</strong></span> <span class='ocrx_word' id='word_1_416' title='bbox 3154 2810 3261 2848; x_wconf 92' lang='lat' dir='ltr'><strong>non</strong></span> <span class='ocrx_word' id='word_1_417' title='bbox 3284 2795 3466 2851; x_wconf 84' lang='lat' dir='ltr'><strong>minus</strong></span> 
     </span>
    </p>
   </div>
   <div class='ocr_carea' id='block_1_60' title="bbox 1887 2884 3471 2956">
    <p class='ocr_par' dir='ltr' id='par_1_60' title="bbox 1887 2884 3471 2956">
     <span class='ocr_line' id='line_1_60' title="bbox 1887 2884 3471 2956; baseline 0.005 -23"><span class='ocrx_word' id='word_1_418' title='bbox 1887 2884 2322 2937; x_wconf 88' lang='lat' dir='ltr'><strong>consolationcm</strong></span> <span class='ocrx_word' id='word_1_419' title='bbox 2358 2885 2690 2951; x_wconf 85' lang='lat' dir='ltr'><strong>accipiamus</strong></span> <span class='ocrx_word' id='word_1_420' title='bbox 2716 2886 2769 2939; x_wconf 92' lang='lat' dir='ltr'><strong>in</strong></span> <span class='ocrx_word' id='word_1_421' title='bbox 2800 2885 3183 2940; x_wconf 86' lang='lat' dir='ltr'><strong>afﬂictionibus</strong></span> <span class='ocrx_word' id='word_1_422' title='bbox 3214 2902 3241 2938; x_wconf 93' lang='lat' dir='ltr'><strong>a</strong></span> <span class='ocrx_word' id='word_1_423' title='bbox 3265 2886 3471 2956; x_wconf 81' lang='lat' dir='ltr'><strong>quibus</strong></span> 
     </span>
    </p>
   </div>
   <div class='ocr_carea' id='block_1_61' title="bbox 1890 2973 3465 3047">
    <p class='ocr_par' dir='ltr' id='par_1_61' title="bbox 1890 2973 3465 3047">
     <span class='ocr_line' id='line_1_61' title="bbox 1890 2973 3465 3047; baseline 0.004 -23"><span class='ocrx_word' id='word_1_424' title='bbox 1890 2973 1992 3040; x_wconf 88' lang='lat' dir='ltr'><strong>ipsi</strong></span> <span class='ocrx_word' id='word_1_425' title='bbox 2027 2974 2341 3037; x_wconf 73' lang='lat' dir='ltr'><strong>liberamur,</strong></span> <span class='ocrx_word' id='word_1_426' title='bbox 2368 2977 2460 3029; x_wconf 83' lang='lat' dir='ltr'><strong>sed</strong></span> <span class='ocrx_word' id='word_1_427' title='bbox 2484 2977 2773 3029; x_wconf 87' lang='lat' dir='ltr'><strong>similiter:</strong></span> <span class='ocrx_word' id='word_1_428' title='bbox 2809 2978 2860 3029; x_wconf 88' lang='lat' dir='ltr'><strong>in</strong></span> <span class='ocrx_word' id='word_1_429' title='bbox 2888 2978 3089 3044; x_wconf 87' lang='lat' dir='ltr'><strong>quibus</strong></span> <span class='ocrx_word' id='word_1_430' title='bbox 3120 2978 3282 3031; x_wconf 90' lang='lat' dir='ltr'><strong>etiam</strong></span> <span class='ocrx_word' id='word_1_431' title='bbox 3308 2979 3465 3047; x_wconf 89' lang='lat' dir='ltr'><strong>plane</strong></span> 
     </span>
    </p>
   </div>
   <div class='ocr_carea' id='block_1_62' title="bbox 1890 3065 3463 3135">
    <p class='ocr_par' dir='ltr' id='par_1_62' title="bbox 1890 3065 3463 3135">
     <span class='ocr_line' id='line_1_62' title="bbox 1890 3065 3463 3135; baseline 0.001 -18"><span class='ocrx_word' id='word_1_432' title='bbox 1890 3065 2095 3117; x_wconf 89' lang='lat' dir='ltr'><strong>scimus</strong></span> <span class='ocrx_word' id='word_1_433' title='bbox 2128 3080 2191 3117; x_wconf 91' lang='lat' dir='ltr'><strong>ac</strong></span> <span class='ocrx_word' id='word_1_434' title='bbox 2224 3066 2550 3121; x_wconf 88' lang='lat' dir='ltr'><strong>confidimus</strong></span> <span class='ocrx_word' id='word_1_435' title='bbox 2605 3068 2747 3135; x_wconf 88' lang='lat' dir='ltr'><strong>quod</strong></span> <span class='ocrx_word' id='word_1_436' title='bbox 2793 3077 2845 3121; x_wconf 86' lang='lat' dir='ltr'><strong>ct</strong></span> <span class='ocrx_word' id='word_1_437' title='bbox 2895 3083 2990 3121; x_wconf 87' lang='lat' dir='ltr'><strong>vos</strong></span> <span class='ocrx_word' id='word_1_438' title='bbox 3032 3068 3463 3121; x_wconf 87' lang='lat' dir='ltr'><strong>consolationem</strong></span> 
     </span>
    </p>
   </div>
   <div class='ocr_carea' id='block_1_63' title="bbox 206 3155 1777 3242">
    <p class='ocr_par' dir='ltr' id='par_1_63' title="bbox 206 3155 1777 3231">
     <span class='ocr_line' id='line_1_63' title="bbox 206 3155 1777 3231; baseline 0.007 -27"><span class='ocrx_word' id='word_1_439' title='bbox 206 3155 455 3222; x_wconf 69' lang='grc' dir='ltr'>ῥυόμεθα</span> <span class='ocrx_word' id='word_1_440' title='bbox 521 3157 628 3207; x_wconf 87' lang='grc' dir='ltr'><strong>τῶν</strong></span> <span class='ocrx_word' id='word_1_441' title='bbox 687 3160 1010 3228; x_wconf 81' lang='grc' dir='ltr'>πειρασμῶν</span> <span class='ocrx_word' id='word_1_442' title='bbox 1087 3162 1596 3231; x_wconf 80' lang='grc' dir='ltr'>παρακαλούμεθα,</span> <span class='ocrx_word' id='word_1_443' title='bbox 1665 3164 1777 3215; x_wconf 72' lang='grc' dir='ltr'>ἀλλ’</span> 
     </span>
    </p>
   </div>
   <div class='ocr_carea' id='block_1_64' title="bbox 1878 3155 3464 3242">
    <p class='ocr_par' dir='ltr' id='par_1_64' title="bbox 1887 3156 3464 3223">
     <span class='ocr_line' id='line_1_64' title="bbox 1887 3156 3464 3223; baseline 0.003 -15"><span class='ocrx_word' id='word_1_444' title='bbox 1887 3156 2189 3223; x_wconf 88' lang='lat' dir='ltr'><strong>accipietis.</strong></span> <span class='ocrx_word' id='word_1_445' title='bbox 2210 3157 2362 3211; x_wconf 89' lang='lat' dir='ltr'><strong>Unde</strong></span> <span class='ocrx_word' id='word_1_446' title='bbox 2385 3158 2487 3212; x_wconf 83' lang='lat' dir='ltr'><strong>lioc</strong></span> <span class='ocrx_word' id='word_1_447' title='bbox 2508 3158 2856 3213; x_wconf 80' lang='lat' dir='ltr'><strong>manifestum</strong></span> <span class='ocrx_word' id='word_1_448' title='bbox 2880 3168 2960 3213; x_wconf 89' lang='lat' dir='ltr'><strong>est</strong></span> <span class='ocrx_word' id='word_1_449' title='bbox 2990 3159 3011 3211; x_wconf 90' lang='lat'><strong>?</strong></span> <span class='ocrx_word' id='word_1_450' title='bbox 3040 3158 3113 3212; x_wconf 82' lang='lat' dir='ltr'><strong>Ex</strong></span> <span class='ocrx_word' id='word_1_451' title='bbox 3147 3160 3359 3217; x_wconf 83' lang='lat' dir='ltr'><strong>eodem.</strong></span> <span class='ocrx_word' id='word_1_452' title='bbox 3378 3160 3464 3212; x_wconf 82' lang='lat' dir='ltr'><strong>in-</strong></span> 
     </span>
    </p>
   </div>
   <div class='ocr_carea' id='block_1_65' title="bbox 201 3243 1783 3323">
    <p class='ocr_par' dir='ltr' id='par_1_65' title="bbox 201 3243 1783 3323">
     <span class='ocr_line' id='line_1_65' title="bbox 201 3243 1783 3323; baseline 0.006 -25"><span class='ocrx_word' id='word_1_453' title='bbox 201 3247 408 3314; x_wconf 80' lang='grc' dir='ltr'>ὁμοῖως</span> <span class='ocrx_word' id='word_1_454' title='bbox 447 3248 539 3298; x_wconf 69' lang='grc' dir='ltr'><strong>καὶ</strong></span> <span class='ocrx_word' id='word_1_455' title='bbox 559 3250 617 3299; x_wconf 79' lang='grc' dir='ltr'>ὲν</span> <span class='ocrx_word' id='word_1_456' title='bbox 643 3243 723 3311; x_wconf 73' lang='grc' dir='ltr'>οἷς</span> <span class='ocrx_word' id='word_1_457' title='bbox 781 3250 967 3316; x_wconf 68' lang='grc' dir='ltr'>σαφῶς</span> <span class='ocrx_word' id='word_1_458' title='bbox 1004 3253 1161 3320; x_wconf 75' lang='grc' dir='ltr'>ἴσμεν</span> <span class='ocrx_word' id='word_1_459' title='bbox 1196 3254 1288 3304; x_wconf 74' lang='grc' dir='ltr'><strong>καὶ</strong></span> <span class='ocrx_word' id='word_1_460' title='bbox 1337 3253 1681 3323; x_wconf 82' lang='grc' dir='ltr'>πεπείσμεθα</span> <span class='ocrx_word' id='word_1_461' title='bbox 1702 3257 1783 3308; x_wconf 86' lang='grc' dir='ltr'>ὅτι</span> 
     </span>
    </p>
   </div>
   <div class='ocr_carea' id='block_1_66' title="bbox 207 3338 1779 3414">
    <p class='ocr_par' dir='ltr' id='par_1_66' title="bbox 207 3338 1779 3414">
     <span class='ocr_line' id='line_1_66' title="bbox 207 3338 1779 3414; baseline 0.004 -25"><span class='ocrx_word' id='word_1_462' title='bbox 207 3338 705 3407; x_wconf 78' lang='grc' dir='ltr'>παρακληθήσεσθε</span> <span class='ocrx_word' id='word_1_463' title='bbox 738 3340 834 3392; x_wconf 76' lang='grc' dir='ltr'>καὶ</span> <span class='ocrx_word' id='word_1_464' title='bbox 862 3341 1039 3407; x_wconf 77' lang='grc' dir='ltr'>ὑμεῖς.</span> <span class='ocrx_word' id='word_1_465' title='bbox 1098 3342 1265 3396; x_wconf 76' lang='grc' dir='ltr'>Πόθεν</span> <span class='ocrx_word' id='word_1_466' title='bbox 1291 3343 1347 3395; x_wconf 84' lang='grc' dir='ltr'>δὲ</span> <span class='ocrx_word' id='word_1_467' title='bbox 1399 3344 1559 3397; x_wconf 82' lang='grc' dir='ltr'>τοῦτο</span> <span class='ocrx_word' id='word_1_468' title='bbox 1587 3345 1779 3414; x_wconf 80' lang='grc' dir='ltr'>δῆλον;</span> 
     </span>
    </p>
   </div>
   <div class='ocr_carea' id='block_1_67' title="bbox 205 3429 1784 3502">
    <p class='ocr_par' dir='ltr' id='par_1_67' title="bbox 205 3429 1784 3502">
     <span class='ocr_line' id='line_1_67' title="bbox 205 3429 1784 3502; baseline 0.008 -23"><span class='ocrx_word' id='word_1_469' title='bbox 205 3429 466 3492; x_wconf 67' lang='grc' dir='ltr'>αὐτόθεν,</span> <span class='ocrx_word' id='word_1_470' title='bbox 527 3433 713 3497; x_wconf 74' lang='grc' dir='ltr'>φησίν.</span> <span class='ocrx_word' id='word_1_471' title='bbox 775 3432 987 3501; x_wconf 81' lang='grc' dir='ltr'>’Ὠσπερ</span> <span class='ocrx_word' id='word_1_472' title='bbox 1034 3433 1142 3502; x_wconf 82' lang='grc' dir='ltr'><strong>γὰρ</strong></span> <span class='ocrx_word' id='word_1_473' title='bbox 1189 3435 1312 3486; x_wconf 80' lang='grc' dir='ltr'>ἐστὲ</span> <span class='ocrx_word' id='word_1_474' title='bbox 1364 3438 1613 3489; x_wconf 75' lang='grc' dir='ltr'>κοινωνοὶ</span> <span class='ocrx_word' id='word_1_475' title='bbox 1675 3439 1784 3491; x_wconf 83' lang='grc' dir='ltr'><strong>τῶν</strong></span> 
     </span>
    </p>
   </div>
   <div class='ocr_carea' id='block_1_68' title="bbox 207 3522 1784 3598">
    <p class='ocr_par' dir='ltr' id='par_1_68' title="bbox 207 3522 1784 3598">
     <span class='ocr_line' id='line_1_68' title="bbox 207 3522 1784 3598; baseline 0.008 -29"><span class='ocrx_word' id='word_1_476' title='bbox 207 3522 534 3590; x_wconf 80' lang='grc' dir='ltr'>πειρασμῶν</span> <span class='ocrx_word' id='word_1_477' title='bbox 586 3522 681 3574; x_wconf 76' lang='grc' dir='ltr'><strong>καὶ</strong></span> <span class='ocrx_word' id='word_1_478' title='bbox 720 3522 828 3574; x_wconf 88' lang='grc' dir='ltr'><strong>τῶν</strong></span> <span class='ocrx_word' id='word_1_479' title='bbox 857 3522 1109 3592; x_wconf 69' lang='grc' dir='ltr'>θλίψεων,</span> <span class='ocrx_word' id='word_1_480' title='bbox 1135 3524 1307 3588; x_wconf 79' lang='grc' dir='ltr'>οὕτως</span> <span class='ocrx_word' id='word_1_481' title='bbox 1342 3527 1530 3580; x_wconf 82' lang='grc' dir='ltr'>ἔσεσθε</span> <span class='ocrx_word' id='word_1_482' title='bbox 1564 3530 1656 3581; x_wconf 79' lang='grc' dir='ltr'><strong>καὶ</strong></span> <span class='ocrx_word' id='word_1_483' title='bbox 1685 3533 1784 3598; x_wconf 76' lang='grc' dir='ltr'>τῆς</span> 
     </span>
    </p>
   </div>
   <div class='ocr_carea' id='block_1_69' title="bbox 206 3611 1782 3683">
    <p class='ocr_par' dir='ltr' id='par_1_69' title="bbox 206 3611 1782 3683">
     <span class='ocr_line' id='line_1_69' title="bbox 206 3611 1782 3683; baseline 0.007 -22"><span class='ocrx_word' id='word_1_484' title='bbox 206 3611 632 3679; x_wconf 71' lang='grc' dir='ltr'>παρακλήσεως.</span> <span class='ocrx_word' id='word_1_485' title='bbox 669 3611 907 3666; x_wconf 71' lang='grc' dir='ltr'>«Βεεαία</span> <span class='ocrx_word' id='word_1_486' title='bbox 960 3615 1098 3683; x_wconf 79' lang='grc' dir='ltr'>ὑπὲρ</span> <span class='ocrx_word' id='word_1_487' title='bbox 1154 3614 1315 3682; x_wconf 85' lang='grc' dir='ltr'>ὑμῶν</span> <span class='ocrx_word' id='word_1_488' title='bbox 1354 3657 1366 3677; x_wconf 85' lang='grc'><strong>,</strong></span> <span class='ocrx_word' id='word_1_489' title='bbox 1394 3635 1411 3666; x_wconf 73' lang='grc' dir='ltr'><strong>ι</strong></span> <span class='ocrx_word' id='word_1_490' title='bbox 1480 3619 1782 3682; x_wconf 76' lang='grc' dir='ltr'>τουτέστιν,</span> 
     </span>
    </p>
   </div>
   <div class='ocr_carea' id='block_1_70' title="bbox 208 3702 1787 3778">
    <p class='ocr_par' dir='ltr' id='par_1_70' title="bbox 208 3702 1787 3778">
     <span class='ocr_line' id='line_1_70' title="bbox 208 3702 1787 3778; baseline 0.006 -27"><span class='ocrx_word' id='word_1_491' title='bbox 208 3702 310 3751; x_wconf 73' lang='grc' dir='ltr'>ὅσα</span> <span class='ocrx_word' id='word_1_492' title='bbox 356 3702 421 3753; x_wconf 76' lang='grc' dir='ltr'>ἂν</span> <span class='ocrx_word' id='word_1_493' title='bbox 481 3702 750 3768; x_wconf 74' lang='grc' dir='ltr'>πάσχητε,</span> <span class='ocrx_word' id='word_1_494' title='bbox 804 3703 1114 3772; x_wconf 69' lang='grc' dir='ltr'>θαρροῦμεν</span> <span class='ocrx_word' id='word_1_495' title='bbox 1143 3706 1223 3757; x_wconf 77' lang='grc' dir='ltr'>ὃτι</span> <span class='ocrx_word' id='word_1_496' title='bbox 1254 3708 1314 3758; x_wconf 88' lang='grc' dir='ltr'><strong>οὑ</strong></span> <span class='ocrx_word' id='word_1_497' title='bbox 1352 3710 1787 3778; x_wconf 75' lang='grc' dir='ltr'>παρατραπησε-</span> 
     </span>
    </p>
   </div>
   <div class='ocr_carea' id='block_1_71' title="bbox 211 3790 1788 3869">
    <p class='ocr_par' dir='ltr' id='par_1_71' title="bbox 211 3790 1788 3869">
     <span class='ocr_line' id='line_1_71' title="bbox 211 3790 1788 3869; baseline 0.008 -27"><span class='ocrx_word' id='word_1_498' title='bbox 211 3792 330 3854; x_wconf 83' lang='grc' dir='ltr'>σθε,</span> <span class='ocrx_word' id='word_1_499' title='bbox 364 3790 487 3843; x_wconf 67' lang='grc' dir='ltr'>οὔτε</span> <span class='ocrx_word' id='word_1_500' title='bbox 538 3794 972 3863; x_wconf 72' lang='grc' dir='ltr'>ἁπαγορεύσετε,</span> <span class='ocrx_word' id='word_1_501' title='bbox 1020 3795 1143 3849; x_wconf 68' lang='grc' dir='ltr'>οὔτε</span> <span class='ocrx_word' id='word_1_502' title='bbox 1179 3798 1317 3865; x_wconf 81' lang='grc' dir='ltr'>ὑπὲρ</span> <span class='ocrx_word' id='word_1_503' title='bbox 1351 3793 1425 3850; x_wconf 84' lang='grc' dir='ltr'>ὧν</span> <span class='ocrx_word' id='word_1_504' title='bbox 1479 3802 1635 3869; x_wconf 81' lang='grc' dir='ltr'>ὑμεῖς</span> <span class='ocrx_word' id='word_1_505' title='bbox 1686 3804 1788 3855; x_wconf 82' lang='grc' dir='ltr'>πά-</span> 
     </span>
    </p>
   </div>
   <div class='ocr_carea' id='block_1_72' title="bbox 479 3878 1783 3962">
    <p class='ocr_par' dir='ltr' id='par_1_72' title="bbox 479 3878 1783 3962">
     <span class='ocr_line' id='line_1_72' title="bbox 479 3878 1783 3962; baseline 0.01 -29"><span class='ocrx_word' id='word_1_506' title='bbox 479 3883 600 3934; x_wconf 77' lang='grc' dir='ltr'>οὑτε</span> <span class='ocrx_word' id='word_1_507' title='bbox 666 3884 805 3951; x_wconf 77' lang='grc' dir='ltr'>ὑπὲρ</span> <span class='ocrx_word' id='word_1_508' title='bbox 865 3878 941 3937; x_wconf 81' lang='grc' dir='ltr'>ὧν</span> <span class='ocrx_word' id='word_1_509' title='bbox 997 3888 1144 3953; x_wconf 76' lang='grc' dir='ltr'>ἡμᾶς</span> <span class='ocrx_word' id='word_1_510' title='bbox 1210 3890 1518 3957; x_wconf 72' lang='grc' dir='ltr'>πάσχοντας</span> <span class='ocrx_word' id='word_1_511' title='bbox 1599 3896 1783 3962; x_wconf 74' lang='grc' dir='ltr'>ὁρᾶτε.</span> 
     </span>
    </p>
   </div>
   <div class='ocr_carea' id='block_1_73' title="bbox 217 3974 1789 4052">
    <p class='ocr_par' dir='ltr' id='par_1_73' title="bbox 217 3974 1789 4052">
     <span class='ocr_line' id='line_1_73' title="bbox 217 3974 1789 4052; baseline 0.006 -25"><span class='ocrx_word' id='word_1_512' title='bbox 217 3993 237 4027; x_wconf 72' lang='grc' dir='ltr'><strong>ι</strong></span> <span class='ocrx_word' id='word_1_513' title='bbox 260 3974 437 4045; x_wconf 79' lang='grc' dir='ltr'>’Υπὲρ</span> <span class='ocrx_word' id='word_1_514' title='bbox 457 3975 547 4040; x_wconf 70' lang='grc' dir='ltr'>τῆς</span> <span class='ocrx_word' id='word_1_515' title='bbox 570 3976 722 4043; x_wconf 76' lang='grc' dir='ltr'>ὑμῶν</span> <span class='ocrx_word' id='word_1_516' title='bbox 750 3979 1147 4047; x_wconf 76' lang='grc' dir='ltr'>παρακλήσεως</span> <span class='ocrx_word' id='word_1_517' title='bbox 1174 3982 1265 4033; x_wconf 76' lang='grc' dir='ltr'><strong>καὶ</strong></span> <span class='ocrx_word' id='word_1_518' title='bbox 1286 3984 1610 4052; x_wconf 73' lang='grc' dir='ltr'>σωτηρίας.»</span> <span class='ocrx_word' id='word_1_519' title='bbox 1645 3988 1789 4037; x_wconf 71' lang='grc' dir='ltr'>Ἀνω</span> 
     </span>
    </p>
   </div>
   <div class='ocr_carea' id='block_1_74' title="bbox 212 4066 1789 4144">
    <p class='ocr_par' dir='ltr' id='par_1_74' title="bbox 212 4066 1789 4144">
     <span class='ocr_line' id='line_1_74' title="bbox 212 4066 1789 4144; baseline 0.009 -28"><span class='ocrx_word' id='word_1_520' title='bbox 212 4066 407 4127; x_wconf 71' lang='grc' dir='ltr'>εἰπὼν,</span> <span class='ocrx_word' id='word_1_521' title='bbox 462 4068 538 4118; x_wconf 75' lang='grc' dir='ltr'>ὅτι</span> <span class='ocrx_word' id='word_1_522' title='bbox 585 4068 754 4137; x_wconf 76' lang='grc' dir='ltr'>Ὑπὲρ</span> <span class='ocrx_word' id='word_1_523' title='bbox 817 4070 918 4137; x_wconf 71' lang='grc' dir='ltr'>τῆς</span> <span class='ocrx_word' id='word_1_524' title='bbox 970 4072 1240 4143; x_wconf 79' lang='grc' dir='ltr'>ὑμετέρας</span> <span class='ocrx_word' id='word_1_525' title='bbox 1308 4078 1579 4144; x_wconf 76' lang='grc' dir='ltr'>σωτηρίας</span> <span class='ocrx_word' id='word_1_526' title='bbox 1609 4077 1789 4130; x_wconf 66' lang='grc' dir='ltr'>θλιϐό-</span> 
     </span>
    </p>
   </div>
   <div class='ocr_carea' id='block_1_75' title="bbox 215 4159 1786 4234">
    <p class='ocr_par' dir='ltr' id='par_1_75' title="bbox 215 4159 1786 4234">
     <span class='ocr_line' id='line_1_75' title="bbox 215 4159 1786 4234; baseline 0.01 -29"><span class='ocrx_word' id='word_1_527' title='bbox 215 4160 378 4222; x_wconf 82' lang='grc' dir='ltr'>μεθα.</span> <span class='ocrx_word' id='word_1_528' title='bbox 416 4160 499 4208; x_wconf 74' lang='grc' dir='ltr'>ἵνα</span> <span class='ocrx_word' id='word_1_529' title='bbox 530 4159 601 4227; x_wconf 69' lang='grc' dir='ltr'>μὴ</span> <span class='ocrx_word' id='word_1_530' title='bbox 635 4160 762 4230; x_wconf 74' lang='grc' dir='ltr'><strong>δόξῃ</strong></span> <span class='ocrx_word' id='word_1_531' title='bbox 802 4161 1045 4231; x_wconf 74' lang='grc' dir='ltr'>ἐπαχθής</span> <span class='ocrx_word' id='word_1_532' title='bbox 1076 4181 1159 4225; x_wconf 88' lang='grc' dir='ltr'><strong>τις</strong></span> <span class='ocrx_word' id='word_1_533' title='bbox 1193 4161 1354 4229; x_wconf 80' lang='grc' dir='ltr'>εἶναι,</span> <span class='ocrx_word' id='word_1_534' title='bbox 1393 4168 1486 4218; x_wconf 83' lang='grc' dir='ltr'>νῦν</span> <span class='ocrx_word' id='word_1_535' title='bbox 1532 4168 1678 4234; x_wconf 70' lang='grc' dir='ltr'>λέγει</span> <span class='ocrx_word' id='word_1_536' title='bbox 1706 4170 1786 4221; x_wconf 78' lang='grc' dir='ltr'>ὅτι</span> 
     </span>
    </p>
   </div>
   <div class='ocr_carea' id='block_1_76' title="bbox 212 4250 1788 4327">
    <p class='ocr_par' dir='ltr' id='par_1_76' title="bbox 212 4250 1788 4327">
     <span class='ocr_line' id='line_1_76' title="bbox 212 4250 1788 4327; baseline 0.008 -27"><span class='ocrx_word' id='word_1_537' title='bbox 212 4250 323 4301; x_wconf 70' lang='grc' dir='ltr'><strong>Καὶ</strong></span> <span class='ocrx_word' id='word_1_538' title='bbox 361 4251 499 4318; x_wconf 72' lang='grc' dir='ltr'>ὑπὲρ</span> <span class='ocrx_word' id='word_1_539' title='bbox 555 4252 652 4318; x_wconf 73' lang='grc' dir='ltr'>τῆς</span> <span class='ocrx_word' id='word_1_540' title='bbox 688 4253 839 4319; x_wconf 84' lang='grc' dir='ltr'>ὑμῶν</span> <span class='ocrx_word' id='word_1_541' title='bbox 875 4257 1145 4326; x_wconf 79' lang='grc' dir='ltr'>σωτηρίας</span> <span class='ocrx_word' id='word_1_542' title='bbox 1179 4259 1663 4327; x_wconf 77' lang='grc' dir='ltr'>παρακαλούμεθα,</span> <span class='ocrx_word' id='word_1_543' title='bbox 1703 4262 1788 4312; x_wconf 77' lang='grc' dir='ltr'>ἵνα</span> 
     </span>
    </p>
   </div>
   <div class='ocr_carea' id='block_1_77' title="bbox 215 4341 1788 4419">
    <p class='ocr_par' dir='ltr' id='par_1_77' title="bbox 215 4341 1788 4419">
     <span class='ocr_line' id='line_1_77' title="bbox 215 4341 1788 4419; baseline 0.008 -28"><span class='ocrx_word' id='word_1_544' title='bbox 215 4341 294 4409; x_wconf 71' lang='grc' dir='ltr'><strong>μη</strong></span> <span class='ocrx_word' id='word_1_545' title='bbox 361 4343 878 4410; x_wconf 70' lang='grc' dir='ltr'>ἀπαγορεύσαντες,</span> <span class='ocrx_word' id='word_1_546' title='bbox 933 4348 1296 4417; x_wconf 78' lang='grc' dir='ltr'>ἀμελήσωμεν</span> <span class='ocrx_word' id='word_1_547' title='bbox 1347 4350 1446 4418; x_wconf 73' lang='grc' dir='ltr'>τῆς</span> <span class='ocrx_word' id='word_1_548' title='bbox 1515 4354 1788 4419; x_wconf 75' lang='grc' dir='ltr'>σωτηρίας</span> 
     </span>
    </p>
   </div>
   <div class='ocr_carea' id='block_1_78' title="bbox 214 4433 1787 4509">
    <p class='ocr_par' dir='ltr' id='par_1_78' title="bbox 214 4433 1787 4509">
     <span class='ocr_line' id='line_1_78' title="bbox 214 4433 1787 4509; baseline 0.009 -28"><span class='ocrx_word' id='word_1_549' title='bbox 214 4433 391 4499; x_wconf 67' lang='grc' dir='ltr'>ὑμῶν,</span> <span class='ocrx_word' id='word_1_550' title='bbox 448 4434 479 4501; x_wconf 77' lang='grc' dir='ltr'>ἦ</span> <span class='ocrx_word' id='word_1_551' title='bbox 542 4434 627 4485; x_wconf 75' lang='grc' dir='ltr'>ἵνα</span> <span class='ocrx_word' id='word_1_552' title='bbox 684 4436 1113 4505; x_wconf 81' lang='grc' dir='ltr'>παρακληθῆτε.</span> <span class='ocrx_word' id='word_1_553' title='bbox 1175 4440 1411 4507; x_wconf 83' lang='grc' dir='ltr'>ὁρῶντες</span> <span class='ocrx_word' id='word_1_554' title='bbox 1463 4444 1613 4509; x_wconf 76' lang='grc' dir='ltr'>ἡμᾶς</span> <span class='ocrx_word' id='word_1_555' title='bbox 1683 4444 1787 4495; x_wconf 76' lang='grc' dir='ltr'><strong>ὑπὸ</strong></span> 
     </span>
    </p>
   </div>
   <div class='ocr_carea' id='block_1_79' title="bbox 212 3898 405 3950">
    <p class='ocr_par' dir='ltr' id='par_1_79' title="bbox 212 3898 405 3950">
     <span class='ocr_line' id='line_1_79' title="bbox 212 3898 405 3950; baseline -0.005 -17"><span class='ocrx_word' id='word_1_556' title='bbox 212 3898 405 3950; x_wconf 78' lang='grc' dir='ltr'>σχετε.</span> 
     </span>
    </p>
   </div>
   <div class='ocr_carea' id='block_1_80' title="bbox 1895 3252 3466 3319">
    <p class='ocr_par' dir='ltr' id='par_1_80' title="bbox 1895 3252 3466 3319">
     <span class='ocr_line' id='line_1_80' title="bbox 1895 3252 3466 3319; baseline 0.003 -19"><span class='ocrx_word' id='word_1_557' title='bbox 1895 3252 2064 3316; x_wconf 84' lang='lat' dir='ltr'><strong>quit;</strong></span> <span class='ocrx_word' id='word_1_558' title='bbox 2119 3264 2242 3301; x_wconf 87' lang='lat' dir='ltr'><strong>nam</strong></span> <span class='ocrx_word' id='word_1_559' title='bbox 2296 3252 2438 3303; x_wconf 86' lang='lat' dir='ltr'><strong>sicut</strong></span> <span class='ocrx_word' id='word_1_560' title='bbox 2491 3253 2780 3319; x_wconf 82' lang='lat' dir='ltr'><strong>participes</strong></span> <span class='ocrx_word' id='word_1_561' title='bbox 2819 3252 2955 3305; x_wconf 84' lang='lat' dir='ltr'><strong>estis</strong></span> <span class='ocrx_word' id='word_1_562' title='bbox 3001 3252 3363 3305; x_wconf 88' lang='lat' dir='ltr'><strong>tcntationum</strong></span> <span class='ocrx_word' id='word_1_563' title='bbox 3412 3259 3466 3305; x_wconf 90' lang='lat' dir='ltr'><strong>et</strong></span> 
     </span>
    </p>
   </div>
   <div class='ocr_carea' id='block_1_81' title="bbox 1897 3339 3470 3403">
    <p class='ocr_par' dir='ltr' id='par_1_81' title="bbox 1897 3339 3470 3403">
     <span class='ocr_line' id='line_1_81' title="bbox 1897 3339 3470 3403; baseline 0.003 -12"><span class='ocrx_word' id='word_1_564' title='bbox 1897 3340 2274 3403; x_wconf 84' lang='lat' dir='ltr'><strong>afflictiOuum,</strong></span> <span class='ocrx_word' id='word_1_565' title='bbox 2302 3341 2382 3395; x_wconf 92' lang='lat' dir='ltr'><strong>sic</strong></span> <span class='ocrx_word' id='word_1_566' title='bbox 2418 3341 2585 3394; x_wconf 89' lang='lat' dir='ltr'><strong>futuri</strong></span> <span class='ocrx_word' id='word_1_567' title='bbox 2617 3345 2748 3395; x_wconf 61' lang='lat' dir='ltr'><strong>es&#39;is</strong></span> <span class='ocrx_word' id='word_1_568' title='bbox 2776 3355 2826 3396; x_wconf 90' lang='lat' dir='ltr'><strong>et</strong></span> <span class='ocrx_word' id='word_1_569' title='bbox 2853 3343 3269 3397; x_wconf 88' lang='lat' dir='ltr'><strong>consolationis.</strong></span> <span class='ocrx_word' id='word_1_570' title='bbox 3301 3361 3320 3393; x_wconf 86' lang='grc'><em>‹</em></span> <span class='ocrx_word' id='word_1_571' title='bbox 3350 3339 3470 3395; x_wconf 85' lang='lat' dir='ltr'><strong>Fir-</strong></span> 
     </span>
    </p>
   </div>
   <div class='ocr_carea' id='block_1_82' title="bbox 1898 3430 3465 3503">
    <p class='ocr_par' dir='ltr' id='par_1_82' title="bbox 1898 3430 3465 3503">
     <span class='ocr_line' id='line_1_82' title="bbox 1898 3430 3465 3503; baseline 0.003 -22"><span class='ocrx_word' id='word_1_572' title='bbox 1898 3446 1980 3482; x_wconf 87' lang='lat' dir='ltr'><strong>nia</strong></span> <span class='ocrx_word' id='word_1_573' title='bbox 2015 3446 2114 3499; x_wconf 90' lang='lat' dir='ltr'><strong>pro</strong></span> <span class='ocrx_word' id='word_1_574' title='bbox 2146 3431 2317 3484; x_wconf 92' lang='lat' dir='ltr'><strong>vobis.</strong></span> <span class='ocrx_word' id='word_1_575' title='bbox 2360 3449 2377 3481; x_wconf 73' lang='grc' dir='ltr'><strong>ι</strong></span> <span class='ocrx_word' id='word_1_576' title='bbox 2418 3430 2530 3485; x_wconf 85' lang='lat' dir='ltr'><strong>Hoc</strong></span> <span class='ocrx_word' id='word_1_577' title='bbox 2560 3441 2663 3495; x_wconf 88' lang='lat' dir='ltr'><strong>cst,</strong></span> <span class='ocrx_word' id='word_1_578' title='bbox 2701 3443 3126 3502; x_wconf 87' lang='lat' dir='ltr'><strong>quantacunque</strong></span> <span class='ocrx_word' id='word_1_579' title='bbox 3160 3433 3465 3503; x_wconf 86' lang='lat' dir='ltr'><strong>patiamini,</strong></span> 
     </span>
    </p>
   </div>
   <div class='ocr_carea' id='block_1_83' title="bbox 1896 3521 3467 3594">
    <p class='ocr_par' dir='ltr' id='par_1_83' title="bbox 1896 3521 3467 3594">
     <span class='ocr_line' id='line_1_83' title="bbox 1896 3521 3467 3594; baseline 0.004 -20"><span class='ocrx_word' id='word_1_580' title='bbox 1896 3521 2222 3575; x_wconf 85' lang='lat' dir='ltr'><strong>confidimus</strong></span> <span class='ocrx_word' id='word_1_581' title='bbox 2263 3521 2407 3591; x_wconf 87' lang='lat' dir='ltr'><strong>quod</strong></span> <span class='ocrx_word' id='word_1_582' title='bbox 2443 3539 2549 3576; x_wconf 93' lang='lat' dir='ltr'><strong>non</strong></span> <span class='ocrx_word' id='word_1_583' title='bbox 2586 3526 2966 3591; x_wconf 87' lang='lat' dir='ltr'><strong>pervcrtemini</strong></span> <span class='ocrx_word' id='word_1_584' title='bbox 3000 3540 3177 3594; x_wconf 87' lang='lat' dir='ltr'><strong>neque</strong></span> <span class='ocrx_word' id='word_1_585' title='bbox 3207 3526 3467 3594; x_wconf 82' lang='lat' dir='ltr'><strong>despera-</strong></span> 
     </span>
    </p>
   </div>
   <div class='ocr_carea' id='block_1_84' title="bbox 1900 3612 3468 3687">
    <p class='ocr_par' dir='ltr' id='par_1_84' title="bbox 1900 3612 3468 3687">
     <span class='ocr_line' id='line_1_84' title="bbox 1900 3612 3468 3687; baseline 0.007 -24"><span class='ocrx_word' id='word_1_586' title='bbox 1900 3612 2046 3674; x_wconf 90' lang='lat' dir='ltr'><strong>bitis,</strong></span> <span class='ocrx_word' id='word_1_587' title='bbox 2080 3628 2177 3665; x_wconf 90' lang='lat' dir='ltr'><strong>nec</strong></span> <span class='ocrx_word' id='word_1_588' title='bbox 2218 3614 2287 3667; x_wconf 93' lang='lat' dir='ltr'><strong>ob</strong></span> <span class='ocrx_word' id='word_1_589' title='bbox 2320 3630 2382 3668; x_wconf 88' lang='lat' dir='ltr'><strong>ea</strong></span> <span class='ocrx_word' id='word_1_590' title='bbox 2415 3631 2534 3682; x_wconf 64' lang='lat' dir='ltr'><strong>quae</strong></span> <span class='ocrx_word' id='word_1_591' title='bbox 2571 3616 2838 3685; x_wconf 84' lang='lat' dir='ltr'><strong>patimini,</strong></span> <span class='ocrx_word' id='word_1_592' title='bbox 2872 3633 2969 3672; x_wconf 86' lang='lat' dir='ltr'><strong>nec</strong></span> <span class='ocrx_word' id='word_1_593' title='bbox 2999 3619 3068 3672; x_wconf 89' lang='lat' dir='ltr'><strong>ob</strong></span> <span class='ocrx_word' id='word_1_594' title='bbox 3098 3619 3185 3671; x_wconf 88' lang='lat' dir='ltr'><strong>illa</strong></span> <span class='ocrx_word' id='word_1_595' title='bbox 3215 3633 3334 3687; x_wconf 68' lang='lat' dir='ltr'><strong>quae</strong></span> <span class='ocrx_word' id='word_1_596' title='bbox 3370 3632 3468 3674; x_wconf 88' lang='lat' dir='ltr'><strong>nos</strong></span> 
     </span>
    </p>
   </div>
   <div class='ocr_carea' id='block_1_85' title="bbox 1898 3705 3458 3773">
    <p class='ocr_par' dir='ltr' id='par_1_85' title="bbox 1898 3705 3458 3773">
     <span class='ocr_line' id='line_1_85' title="bbox 1898 3705 3458 3773; baseline 0.003 -18"><span class='ocrx_word' id='word_1_597' title='bbox 1898 3705 2009 3773; x_wconf 88' lang='lat' dir='ltr'><strong>pati</strong></span> <span class='ocrx_word' id='word_1_598' title='bbox 2045 3706 2385 3773; x_wconf 86' lang='lat' dir='ltr'><strong>conspicitis.</strong></span> <span class='ocrx_word' id='word_1_599' title='bbox 2415 3724 2431 3756; x_wconf 77' lang='grc' dir='ltr'><strong>ι</strong></span> <span class='ocrx_word' id='word_1_600' title='bbox 2457 3706 2562 3759; x_wconf 84' lang='lat' dir='ltr'><strong>Pro</strong></span> <span class='ocrx_word' id='word_1_601' title='bbox 2582 3709 2746 3760; x_wconf 86' lang='lat' dir='ltr'><strong>vestri</strong></span> <span class='ocrx_word' id='word_1_602' title='bbox 2768 3710 3140 3763; x_wconf 86' lang='lat' dir='ltr'><strong>consolatione</strong></span> <span class='ocrx_word' id='word_1_603' title='bbox 3160 3720 3211 3763; x_wconf 88' lang='lat' dir='ltr'><strong>et</strong></span> <span class='ocrx_word' id='word_1_604' title='bbox 3231 3711 3458 3763; x_wconf 67' lang='lat' dir='ltr'><strong>salute.»</strong></span> 
     </span>
    </p>
   </div>
   <div class='ocr_carea' id='block_1_86' title="bbox 1897 3794 3471 3874">
    <p class='ocr_par' dir='ltr' id='par_1_86' title="bbox 1897 3794 3471 3874">
     <span class='ocr_line' id='line_1_86' title="bbox 1897 3794 3471 3874; baseline 0.006 -28"><span class='ocrx_word' id='word_1_605' title='bbox 1897 3794 2031 3846; x_wconf 88' lang='lat' dir='ltr'><strong>Cum</strong></span> <span class='ocrx_word' id='word_1_606' title='bbox 2065 3799 2318 3862; x_wconf 89' lang='lat' dir='ltr'><strong>superius</strong></span> <span class='ocrx_word' id='word_1_607' title='bbox 2363 3795 2593 3850; x_wconf 80' lang='lat' dir='ltr'><strong>dixisset</strong></span> <span class='ocrx_word' id='word_1_608' title='bbox 2624 3818 2636 3852; x_wconf 87' lang='lat'><strong>:</strong></span> <span class='ocrx_word' id='word_1_609' title='bbox 2675 3817 2693 3849; x_wconf 79' lang='grc' dir='ltr'><strong>ι</strong></span> <span class='ocrx_word' id='word_1_610' title='bbox 2731 3798 2836 3852; x_wconf 90' lang='lat' dir='ltr'><strong>Pro</strong></span> <span class='ocrx_word' id='word_1_611' title='bbox 2875 3803 3039 3855; x_wconf 83' lang='lat' dir='ltr'><strong>vestri</strong></span> <span class='ocrx_word' id='word_1_612' title='bbox 3075 3804 3248 3855; x_wconf 90' lang='lat' dir='ltr'><strong>salute</strong></span> <span class='ocrx_word' id='word_1_613' title='bbox 3280 3802 3471 3874; x_wconf 75' lang='lat' dir='ltr'><strong>afﬂigi-</strong></span> 
     </span>
    </p>
   </div>
   <div class='ocr_carea' id='block_1_87' title="bbox 1897 3887 3468 3963">
    <p class='ocr_par' dir='ltr' id='par_1_87' title="bbox 1897 3887 3468 3963">
     <span class='ocr_line' id='line_1_87' title="bbox 1897 3887 3468 3963; baseline 0.008 -28"><span class='ocrx_word' id='word_1_614' title='bbox 1897 3898 2041 3948; x_wconf 90' lang='lat' dir='ltr'><strong>mur,</strong></span> <span class='ocrx_word' id='word_1_615' title='bbox 2064 3901 2082 3933; x_wconf 75' lang='grc' dir='ltr'><strong>ι</strong></span> <span class='ocrx_word' id='word_1_616' title='bbox 2112 3899 2179 3937; x_wconf 91' lang='lat' dir='ltr'><strong>ne</strong></span> <span class='ocrx_word' id='word_1_617' title='bbox 2208 3887 2389 3953; x_wconf 77' lang='lat' dir='ltr'><strong>gravis</strong></span> <span class='ocrx_word' id='word_1_618' title='bbox 2411 3888 2812 3955; x_wconf 86' lang='lat' dir='ltr'><strong>quodammodo</strong></span> <span class='ocrx_word' id='word_1_619' title='bbox 2847 3907 3024 3944; x_wconf 83' lang='lat' dir='ltr'><strong>sermo</strong></span> <span class='ocrx_word' id='word_1_620' title='bbox 3050 3909 3170 3947; x_wconf 91' lang='lat' dir='ltr'><strong>esse</strong></span> <span class='ocrx_word' id='word_1_621' title='bbox 3198 3894 3468 3963; x_wconf 85' lang='lat' dir='ltr'><strong>videatur,</strong></span> 
     </span>
    </p>
   </div>
   <div class='ocr_carea' id='block_1_88' title="bbox 1898 3980 3467 4054">
    <p class='ocr_par' dir='ltr' id='par_1_88' title="bbox 1898 3980 3467 4054">
     <span class='ocr_line' id='line_1_88' title="bbox 1898 3980 3467 4054; baseline 0.008 -23"><span class='ocrx_word' id='word_1_622' title='bbox 1898 3994 2046 4033; x_wconf 90' lang='lat' dir='ltr'><strong>nunc</strong></span> <span class='ocrx_word' id='word_1_623' title='bbox 2074 3981 2257 4033; x_wconf 86' lang='lat' dir='ltr'><strong>subdit</strong></span> <span class='ocrx_word' id='word_1_624' title='bbox 2289 3999 2300 4033; x_wconf 91' lang='lat'>:</span> <span class='ocrx_word' id='word_1_625' title='bbox 2332 3980 2437 4035; x_wconf 84' lang='lat' dir='ltr'><strong>Pro</strong></span> <span class='ocrx_word' id='word_1_626' title='bbox 2465 3992 2641 4037; x_wconf 86' lang='lat' dir='ltr'><strong>vestra</strong></span> <span class='ocrx_word' id='word_1_627' title='bbox 2671 4001 2888 4054; x_wconf 83' lang='lat' dir='ltr'><strong>quoque</strong></span> <span class='ocrx_word' id='word_1_628' title='bbox 2928 3988 3100 4041; x_wconf 81' lang='lat' dir='ltr'><strong>salute</strong></span> <span class='ocrx_word' id='word_1_629' title='bbox 3131 3990 3467 4045; x_wconf 84' lang='lat' dir='ltr'><strong>consolatio-</strong></span> 
     </span>
    </p>
   </div>
   <div class='ocr_carea' id='block_1_89' title="bbox 1899 4071 3466 4147">
    <p class='ocr_par' dir='ltr' id='par_1_89' title="bbox 1899 4071 3466 4147">
     <span class='ocr_line' id='line_1_89' title="bbox 1899 4071 3466 4147; baseline 0.008 -25"><span class='ocrx_word' id='word_1_630' title='bbox 1899 4085 2018 4122; x_wconf 89' lang='lat' dir='ltr'><strong>nem</strong></span> <span class='ocrx_word' id='word_1_631' title='bbox 2042 4071 2375 4139; x_wconf 90' lang='lat' dir='ltr'><strong>accipimus:</strong></span> <span class='ocrx_word' id='word_1_632' title='bbox 2413 4086 2478 4124; x_wconf 88' lang='lat' dir='ltr'><strong>ne</strong></span> <span class='ocrx_word' id='word_1_633' title='bbox 2507 4071 2845 4133; x_wconf 87' lang='lat' dir='ltr'><strong>deficientes,</strong></span> <span class='ocrx_word' id='word_1_634' title='bbox 2871 4084 3100 4128; x_wconf 78' lang='lat' dir='ltr'><strong>vestram</strong></span> <span class='ocrx_word' id='word_1_635' title='bbox 3134 4078 3466 4147; x_wconf 74' lang='lat' dir='ltr'><strong>negligamus</strong></span> 
     </span>
    </p>
   </div>
   <div class='ocr_carea' id='block_1_90' title="bbox 1899 4162 3467 4228">
    <p class='ocr_par' dir='ltr' id='par_1_90' title="bbox 1899 4162 3467 4228">
     <span class='ocr_line' id='line_1_90' title="bbox 1899 4162 3467 4228; baseline 0.007 -14"><span class='ocrx_word' id='word_1_636' title='bbox 1899 4162 2129 4214; x_wconf 86' lang='lat' dir='ltr'><strong>salutem</strong></span> <span class='ocrx_word' id='word_1_637' title='bbox 2154 4181 2169 4228; x_wconf 89' lang='lat'><strong>;</strong></span> <span class='ocrx_word' id='word_1_638' title='bbox 2201 4163 2281 4214; x_wconf 88' lang='lat' dir='ltr'><strong>vel</strong></span> <span class='ocrx_word' id='word_1_639' title='bbox 2308 4171 2364 4215; x_wconf 94' lang='lat' dir='ltr'><strong>ut</strong></span> <span class='ocrx_word' id='word_1_640' title='bbox 2382 4164 2735 4217; x_wconf 82' lang='lat' dir='ltr'><strong>consolemini</strong></span> <span class='ocrx_word' id='word_1_641' title='bbox 2763 4168 3006 4221; x_wconf 83' lang='lat' dir='ltr'><strong>videntes</strong></span> <span class='ocrx_word' id='word_1_642' title='bbox 3031 4184 3130 4222; x_wconf 90' lang='lat' dir='ltr'><strong>nos</strong></span> <span class='ocrx_word' id='word_1_643' title='bbox 3153 4183 3181 4220; x_wconf 91' lang='lat' dir='ltr'><strong>a</strong></span> <span class='ocrx_word' id='word_1_644' title='bbox 3209 4169 3315 4223; x_wconf 82' lang='lat' dir='ltr'><strong>Deo</strong></span> <span class='ocrx_word' id='word_1_645' title='bbox 3337 4186 3467 4226; x_wconf 86' lang='lat' dir='ltr'><strong>cou-</strong></span> 
     </span>
    </p>
   </div>
   <div class='ocr_carea' id='block_1_91' title="bbox 1899 4253 3469 4327">
    <p class='ocr_par' dir='ltr' id='par_1_91' title="bbox 1899 4253 3469 4327">
     <span class='ocr_line' id='line_1_91' title="bbox 1899 4253 3469 4327; baseline 0.005 -22"><span class='ocrx_word' id='word_1_646' title='bbox 1899 4253 2223 4306; x_wconf 87' lang='lat' dir='ltr'><strong>solationein</strong></span> <span class='ocrx_word' id='word_1_647' title='bbox 2258 4255 2523 4322; x_wconf 89' lang='lat' dir='ltr'><strong>accipere.</strong></span> <span class='ocrx_word' id='word_1_648' title='bbox 2558 4255 2691 4307; x_wconf 80' lang='lat' dir='ltr'><strong>Nam</strong></span> <span class='ocrx_word' id='word_1_649' title='bbox 2724 4257 2863 4308; x_wconf 87' lang='lat' dir='ltr'><strong>sicut</strong></span> <span class='ocrx_word' id='word_1_650' title='bbox 2890 4258 3043 4319; x_wconf 84' lang='lat' dir='ltr'><strong>estis,</strong></span> <span class='ocrx_word' id='word_1_651' title='bbox 3073 4259 3266 4327; x_wconf 82' lang='lat' dir='ltr'><strong>inquit,</strong></span> <span class='ocrx_word' id='word_1_652' title='bbox 3301 4261 3469 4327; x_wconf 89' lang='lat' dir='ltr'><strong>parti-</strong></span> 
     </span>
    </p>
   </div>
   <div class='ocr_carea' id='block_1_92' title="bbox 1900 4345 3471 4419">
    <p class='ocr_par' dir='ltr' id='par_1_92' title="bbox 1900 4345 3471 4419">
     <span class='ocr_line' id='line_1_92' title="bbox 1900 4345 3471 4419; baseline 0.003 -20"><span class='ocrx_word' id='word_1_653' title='bbox 1900 4345 2047 4413; x_wconf 83' lang='lat' dir='ltr'><strong>cipes</strong></span> <span class='ocrx_word' id='word_1_654' title='bbox 2077 4345 2451 4408; x_wconf 82' lang='lat' dir='ltr'><strong>afﬂictionuin,</strong></span> <span class='ocrx_word' id='word_1_655' title='bbox 2488 4347 2560 4399; x_wconf 86' lang='lat' dir='ltr'><strong>ita</strong></span> <span class='ocrx_word' id='word_1_656' title='bbox 2593 4362 2657 4398; x_wconf 77' lang='lat' dir='ltr'><strong>ex</strong></span> <span class='ocrx_word' id='word_1_657' title='bbox 2687 4350 3040 4416; x_wconf 78' lang='lat' dir='ltr'><strong>eoiisequenti</strong></span> <span class='ocrx_word' id='word_1_658' title='bbox 3072 4351 3311 4417; x_wconf 84' lang='lat' dir='ltr'><strong>Oportuit</strong></span> <span class='ocrx_word' id='word_1_659' title='bbox 3334 4368 3471 4419; x_wconf 82' lang='lat' dir='ltr'><strong>quo-</strong></span> 
     </span>
    </p>
   </div>
   <div class='ocr_carea' id='block_1_93' title="bbox 1902 4438 3468 4509">
    <p class='ocr_par' dir='ltr' id='par_1_93' title="bbox 1902 4438 3468 4509">
     <span class='ocr_line' id='line_1_93' title="bbox 1902 4438 3468 4509; baseline 0.004 -20"><span class='ocrx_word' id='word_1_660' title='bbox 1902 4454 2007 4505; x_wconf 90' lang='lat' dir='ltr'><strong>que</strong></span> <span class='ocrx_word' id='word_1_661' title='bbox 2028 4454 2151 4491; x_wconf 84' lang='lat' dir='ltr'><strong>esse</strong></span> <span class='ocrx_word' id='word_1_662' title='bbox 2172 4447 2224 4491; x_wconf 90' lang='lat' dir='ltr'><strong>et</strong></span> <span class='ocrx_word' id='word_1_663' title='bbox 2250 4438 2663 4492; x_wconf 76' lang='lat' dir='ltr'><strong>consolationis.</strong></span> <span class='ocrx_word' id='word_1_664' title='bbox 2695 4458 2712 4489; x_wconf 77' lang='grc' dir='ltr'><strong>ι</strong></span> <span class='ocrx_word' id='word_1_665' title='bbox 2740 4439 2875 4491; x_wconf 87' lang='lat' dir='ltr'><strong>Cum</strong></span> <span class='ocrx_word' id='word_1_666' title='bbox 2905 4440 3141 4493; x_wconf 91' lang='lat' dir='ltr'><strong>sciamus</strong></span> <span class='ocrx_word' id='word_1_667' title='bbox 3160 4442 3302 4509; x_wconf 89' lang='lat' dir='ltr'><strong>quod</strong></span> <span class='ocrx_word' id='word_1_668' title='bbox 3326 4442 3468 4495; x_wconf 87' lang='lat' dir='ltr'><strong>sicut</strong></span> 
     </span>
    </p>
   </div>
   <div class='ocr_carea' id='block_1_94' title="bbox 212 4525 1777 4601">
    <p class='ocr_par' dir='ltr' id='par_1_94' title="bbox 212 4525 1777 4601">
     <span class='ocr_line' id='line_1_94' title="bbox 212 4525 1777 4601; baseline 0.008 -27"><span class='ocrx_word' id='word_1_669' title='bbox 212 4525 351 4575; x_wconf 58' lang='grc' dir='ltr'>θεοῦ</span> <span class='ocrx_word' id='word_1_670' title='bbox 412 4528 955 4597; x_wconf 83' lang='grc' dir='ltr'>παρακαλουμένους.</span> <span class='ocrx_word' id='word_1_671' title='bbox 999 4530 1210 4600; x_wconf 79' lang='grc' dir='ltr'>’Ὠσπερ</span> <span class='ocrx_word' id='word_1_672' title='bbox 1239 4531 1369 4601; x_wconf 77' lang='grc' dir='ltr'>γάρ,</span> <span class='ocrx_word' id='word_1_673' title='bbox 1411 4535 1567 4601; x_wconf 75' lang='grc' dir='ltr'>φησὶ,</span> <span class='ocrx_word' id='word_1_674' title='bbox 1599 4552 1777 4587; x_wconf 82' lang='grc' dir='ltr'>κοινω‹</span> 
     </span>
    </p>
   </div>
   <div class='ocr_carea' id='block_1_95' title="bbox 1878 4525 3467 4601">
    <p class='ocr_par' dir='ltr' id='par_1_95' title="bbox 1898 4528 3467 4598">
     <span class='ocr_line' id='line_1_95' title="bbox 1898 4528 3467 4598; baseline 0.003 -17"><span class='ocrx_word' id='word_1_675' title='bbox 1898 4528 2191 4598; x_wconf 87' lang='lat' dir='ltr'><strong>participes</strong></span> <span class='ocrx_word' id='word_1_676' title='bbox 2227 4528 2359 4580; x_wconf 83' lang='lat' dir='ltr'><strong>estis</strong></span> <span class='ocrx_word' id='word_1_677' title='bbox 2393 4528 2770 4582; x_wconf 87' lang='lat' dir='ltr'><strong>afﬂictionuni.</strong></span> <span class='ocrx_word' id='word_1_678' title='bbox 2826 4547 2843 4578; x_wconf 72' lang='grc' dir='ltr'><strong>ι</strong></span> <span class='ocrx_word' id='word_1_679' title='bbox 2892 4529 3002 4582; x_wconf 88' lang='lat' dir='ltr'><strong>lloc</strong></span> <span class='ocrx_word' id='word_1_680' title='bbox 3038 4531 3179 4581; x_wconf 88' lang='lat' dir='ltr'><strong>enim</strong></span> <span class='ocrx_word' id='word_1_681' title='bbox 3217 4531 3467 4586; x_wconf 84' lang='lat' dir='ltr'><strong>novimus</strong></span> 
     </span>
    </p>
   </div>
   <div class='ocr_carea' id='block_1_96' title="bbox 211 4618 1791 4690">
    <p class='ocr_par' dir='ltr' id='par_1_96' title="bbox 211 4618 1791 4690">
     <span class='ocr_line' id='line_1_96' title="bbox 211 4618 1791 4690; baseline 0.008 -23"><span class='ocrx_word' id='word_1_682' title='bbox 211 4619 293 4668; x_wconf 78' lang='grc' dir='ltr'><strong>νοί</strong></span> <span class='ocrx_word' id='word_1_683' title='bbox 324 4620 451 4670; x_wconf 78' lang='grc' dir='ltr'>ἐστε</span> <span class='ocrx_word' id='word_1_684' title='bbox 498 4618 605 4670; x_wconf 89' lang='grc' dir='ltr'><strong>τῶν</strong></span> <span class='ocrx_word' id='word_1_685' title='bbox 655 4619 1020 4690; x_wconf 75' lang='grc' dir='ltr'>παθημάτων,</span> <span class='ocrx_word' id='word_1_686' title='bbox 1071 4622 1243 4685; x_wconf 77' lang='grc' dir='ltr'>οὕτως</span> <span class='ocrx_word' id='word_1_687' title='bbox 1277 4623 1380 4676; x_wconf 78' lang='grc' dir='ltr'>ἔδει</span> <span class='ocrx_word' id='word_1_688' title='bbox 1408 4626 1546 4677; x_wconf 83' lang='grc' dir='ltr'>κατὰ</span> <span class='ocrx_word' id='word_1_689' title='bbox 1574 4626 1634 4677; x_wconf 82' lang='grc' dir='ltr'>τὸ</span> <span class='ocrx_word' id='word_1_690' title='bbox 1664 4628 1791 4679; x_wconf 77' lang='grc' dir='ltr'><strong>ἀκό-</strong></span> 
     </span>
    </p>
   </div>
   <div class='ocr_carea' id='block_1_97' title="bbox 211 4708 1788 4786">
    <p class='ocr_par' dir='ltr' id='par_1_97' title="bbox 211 4708 1788 4786">
     <span class='ocr_line' id='line_1_97' title="bbox 211 4708 1788 4786; baseline 0.009 -27"><span class='ocrx_word' id='word_1_691' title='bbox 211 4709 405 4760; x_wconf 80' lang='grc' dir='ltr'>λουθον</span> <span class='ocrx_word' id='word_1_692' title='bbox 466 4714 759 4773; x_wconf 79' lang='grc' dir='ltr'>κοινωνοὺς</span> <span class='ocrx_word' id='word_1_693' title='bbox 823 4708 962 4765; x_wconf 77' lang='grc' dir='ltr'>εἶναι</span> <span class='ocrx_word' id='word_1_694' title='bbox 1020 4714 1115 4766; x_wconf 78' lang='grc' dir='ltr'><strong>καὶ</strong></span> <span class='ocrx_word' id='word_1_695' title='bbox 1195 4716 1296 4782; x_wconf 83' lang='grc' dir='ltr'>τῆς</span> <span class='ocrx_word' id='word_1_696' title='bbox 1365 4718 1788 4786; x_wconf 78' lang='grc' dir='ltr'>παρακλήσεως.</span> 
     </span>
    </p>
   </div>
   <div class='ocr_carea' id='block_1_98' title="bbox 214 4799 1794 4879">
    <p class='ocr_par' dir='ltr' id='par_1_98' title="bbox 214 4799 1794 4879">
     <span class='ocr_line' id='line_1_98' title="bbox 214 4799 1794 4879; baseline 0.008 -28"><span class='ocrx_word' id='word_1_697' title='bbox 214 4816 235 4851; x_wconf 73' lang='grc' dir='ltr'><strong>ι</strong></span> <span class='ocrx_word' id='word_1_698' title='bbox 270 4799 493 4861; x_wconf 75' lang='grc' dir='ltr'>Εξδὸτες</span> <span class='ocrx_word' id='word_1_699' title='bbox 530 4804 609 4854; x_wconf 74' lang='grc' dir='ltr'>ὅτι</span> <span class='ocrx_word' id='word_1_700' title='bbox 655 4802 843 4871; x_wconf 83' lang='grc' dir='ltr'>ὥσπερ</span> <span class='ocrx_word' id='word_1_701' title='bbox 910 4806 1156 4858; x_wconf 84' lang='grc' dir='ltr'>κοινωνοί</span> <span class='ocrx_word' id='word_1_702' title='bbox 1202 4810 1325 4860; x_wconf 85' lang='grc' dir='ltr'>ὲστε</span> <span class='ocrx_word' id='word_1_703' title='bbox 1375 4808 1483 4861; x_wconf 87' lang='grc' dir='ltr'><strong>τῶν</strong></span> <span class='ocrx_word' id='word_1_704' title='bbox 1534 4810 1794 4879; x_wconf 84' lang='grc' dir='ltr'>παθημά-</span> 
     </span>
    </p>
   </div>
   <div class='ocr_carea' id='block_1_99' title="bbox 210 4893 1790 4971">
    <p class='ocr_par' dir='ltr' id='par_1_99' title="bbox 210 4893 1790 4971">
     <span class='ocr_line' id='line_1_99' title="bbox 210 4893 1790 4971; baseline 0.008 -29"><span class='ocrx_word' id='word_1_705' title='bbox 210 4907 343 4945; x_wconf 86' lang='grc' dir='ltr'>των.</span> <span class='ocrx_word' id='word_1_706' title='bbox 377 4912 395 4942; x_wconf 75' lang='grc' dir='ltr'><strong>ι</strong></span> <span class='ocrx_word' id='word_1_707' title='bbox 432 4893 604 4946; x_wconf 72' lang='grc' dir='ltr'>Τοῦτο</span> <span class='ocrx_word' id='word_1_708' title='bbox 635 4896 743 4966; x_wconf 80' lang='grc' dir='ltr'>γάρ</span> <span class='ocrx_word' id='word_1_709' title='bbox 781 4897 981 4960; x_wconf 77' lang='grc' dir='ltr'>εἰδότες</span> <span class='ocrx_word' id='word_1_710' title='bbox 1042 4898 1228 4965; x_wconf 74' lang='grc' dir='ltr'>ἐσμὲν,</span> <span class='ocrx_word' id='word_1_711' title='bbox 1287 4901 1370 4953; x_wconf 83' lang='grc' dir='ltr'>ὅτι</span> <span class='ocrx_word' id='word_1_712' title='bbox 1425 4902 1615 4971; x_wconf 87' lang='grc' dir='ltr'>ῶσπερ</span> <span class='ocrx_word' id='word_1_713' title='bbox 1666 4903 1790 4955; x_wconf 78' lang='grc' dir='ltr'>ἐστὲ</span> 
     </span>
    </p>
   </div>
   <div class='ocr_carea' id='block_1_100' title="bbox 212 4981 1795 5067">
    <p class='ocr_par' dir='ltr' id='par_1_100' title="bbox 212 4981 1795 5067">
     <span class='ocr_line' id='line_1_100' title="bbox 212 4981 1795 5067; baseline 0.009 -37"><span class='ocrx_word' id='word_1_714' title='bbox 212 4981 321 5031; x_wconf 80' lang='grc' dir='ltr'><strong>τῶν</strong></span> <span class='ocrx_word' id='word_1_715' title='bbox 357 4984 679 5052; x_wconf 77' lang='grc' dir='ltr'>πειρασμῶν</span> <span class='ocrx_word' id='word_1_716' title='bbox 732 4988 998 5049; x_wconf 71' lang='grc' dir='ltr'>κοινωνοὶ,</span> <span class='ocrx_word' id='word_1_717' title='bbox 1061 4986 1232 5049; x_wconf 77' lang='grc' dir='ltr'>οὑτως</span> <span class='ocrx_word' id='word_1_718' title='bbox 1276 4989 1425 5055; x_wconf 76' lang='grc' dir='ltr'>ὑμᾶς</span> <span class='ocrx_word' id='word_1_719' title='bbox 1482 4991 1795 5067; x_wconf 69' lang='grc' dir='ltr'>ἐπάναγκες</span> 
     </span>
    </p>
   </div>
   <div class='ocr_carea' id='block_1_101' title="bbox 213 5069 1789 5153">
    <p class='ocr_par' dir='ltr' id='par_1_101' title="bbox 213 5069 1789 5153">
     <span class='ocr_line' id='line_1_101' title="bbox 213 5069 1789 5153; baseline 0.009 -30"><span class='ocrx_word' id='word_1_720' title='bbox 213 5069 357 5124; x_wconf 80' lang='grc' dir='ltr'>εἶναι</span> <span class='ocrx_word' id='word_1_721' title='bbox 396 5074 476 5126; x_wconf 85' lang='grc' dir='ltr'>δεῖ</span> <span class='ocrx_word' id='word_1_722' title='bbox 502 5076 592 5127; x_wconf 74' lang='grc' dir='ltr'><strong>καὶ</strong></span> <span class='ocrx_word' id='word_1_723' title='bbox 622 5077 722 5144; x_wconf 76' lang='grc' dir='ltr'>τῆς</span> <span class='ocrx_word' id='word_1_724' title='bbox 748 5078 1144 5148; x_wconf 80' lang='grc' dir='ltr'>παρακλήσεως</span> <span class='ocrx_word' id='word_1_725' title='bbox 1166 5080 1473 5143; x_wconf 80' lang='grc' dir='ltr'>κοινωνούς.</span> <span class='ocrx_word' id='word_1_726' title='bbox 1524 5084 1789 5153; x_wconf 88' lang='grc' dir='ltr'>Ὀρῶντες</span> 
     </span>
    </p>
   </div>
   <div class='ocr_carea' id='block_1_102' title="bbox 213 5165 1790 5236">
    <p class='ocr_par' dir='ltr' id='par_1_102' title="bbox 213 5165 1790 5236">
     <span class='ocr_line' id='line_1_102' title="bbox 213 5165 1790 5236; baseline 0.01 -24"><span class='ocrx_word' id='word_1_727' title='bbox 213 5166 325 5230; x_wconf 68' lang='grc' dir='ltr'><strong>γὰρ</strong></span> <span class='ocrx_word' id='word_1_728' title='bbox 368 5165 516 5229; x_wconf 75' lang='grc' dir='ltr'>ἡμᾶς</span> <span class='ocrx_word' id='word_1_729' title='bbox 570 5166 1111 5236; x_wconf 82' lang='grc' dir='ltr'>παρακαλουμένους,</span> <span class='ocrx_word' id='word_1_730' title='bbox 1160 5169 1437 5233; x_wconf 69' lang='grc' dir='ltr'>εὐέλπιδες</span> <span class='ocrx_word' id='word_1_731' title='bbox 1472 5170 1660 5225; x_wconf 76' lang='grc' dir='ltr'>ἔσεσθε</span> <span class='ocrx_word' id='word_1_732' title='bbox 1697 5176 1790 5227; x_wconf 82' lang='grc' dir='ltr'><strong>καὶ</strong></span> 
     </span>
    </p>
   </div>
   <div class='ocr_carea' id='block_1_103' title="bbox 214 5257 1788 5334">
    <p class='ocr_par' dir='ltr' id='par_1_103' title="bbox 214 5257 1788 5334">
     <span class='ocr_line' id='line_1_103' title="bbox 214 5257 1788 5334; baseline 0.007 -28"><span class='ocrx_word' id='word_1_733' title='bbox 214 5257 507 5325; x_wconf 74' lang='grc' dir='ltr'>ὑμεῖ;,ὅτι</span> <span class='ocrx_word' id='word_1_734' title='bbox 566 5258 728 5310; x_wconf 81' lang='grc' dir='ltr'>ὲπειδ’</span> <span class='ocrx_word' id='word_1_735' title='bbox 784 5260 847 5312; x_wconf 78' lang='grc' dir='ltr'>ἂν</span> <span class='ocrx_word' id='word_1_736' title='bbox 908 5265 1233 5329; x_wconf 87' lang='grc' dir='ltr'>πειρασμοῖς</span> <span class='ocrx_word' id='word_1_737' title='bbox 1279 5265 1635 5334; x_wconf 80' lang='grc' dir='ltr'>περιπέσητε,</span> <span class='ocrx_word' id='word_1_738' title='bbox 1688 5284 1788 5318; x_wconf 88' lang='grc' dir='ltr'>πα-</span> 
     </span>
    </p>
   </div>
   <div class='ocr_carea' id='block_1_104' title="bbox 218 5347 1791 5427">
    <p class='ocr_par' dir='ltr' id='par_1_104' title="bbox 218 5347 1791 5427">
     <span class='ocr_line' id='line_1_104' title="bbox 218 5347 1791 5427; baseline 0.005 -28"><span class='ocrx_word' id='word_1_739' title='bbox 218 5347 637 5417; x_wconf 61' lang='grc' dir='ltr'>ρακληθησεσθε</span> <span class='ocrx_word' id='word_1_740' title='bbox 670 5352 763 5402; x_wconf 74' lang='grc' dir='ltr'><strong>καὶ</strong></span> <span class='ocrx_word' id='word_1_741' title='bbox 797 5352 952 5419; x_wconf 79' lang='grc' dir='ltr'>ὑμεῖς</span> <span class='ocrx_word' id='word_1_742' title='bbox 1000 5353 1186 5422; x_wconf 76' lang='grc' dir='ltr'>ὣσπερ</span> <span class='ocrx_word' id='word_1_743' title='bbox 1217 5354 1308 5406; x_wconf 74' lang='grc' dir='ltr'><strong>καὶ</strong></span> <span class='ocrx_word' id='word_1_744' title='bbox 1349 5357 1530 5423; x_wconf 82' lang='grc' dir='ltr'>ἡμεῖς.</span> <span class='ocrx_word' id='word_1_745' title='bbox 1582 5358 1791 5427; x_wconf 84' lang='grc' dir='ltr'>Ὥσπερ</span> 
     </span>
    </p>
   </div>
   <div class='ocr_carea' id='block_1_105' title="bbox 216 5441 1793 5518">
    <p class='ocr_par' dir='ltr' id='par_1_105' title="bbox 216 5441 1793 5518">
     <span class='ocr_line' id='line_1_105' title="bbox 216 5441 1793 5518; baseline 0.008 -28"><span class='ocrx_word' id='word_1_746' title='bbox 216 5441 331 5507; x_wconf 65' lang='grc' dir='ltr'>’κάρ</span> <span class='ocrx_word' id='word_1_747' title='bbox 394 5441 784 5493; x_wconf 81' lang='grc' dir='ltr'>κοινωνοέἑστε</span> <span class='ocrx_word' id='word_1_748' title='bbox 824 5444 931 5495; x_wconf 88' lang='grc' dir='ltr'><strong>τῶν</strong></span> <span class='ocrx_word' id='word_1_749' title='bbox 968 5446 1329 5513; x_wconf 84' lang='grc' dir='ltr'>παθημάτων,</span> <span class='ocrx_word' id='word_1_750' title='bbox 1364 5447 1536 5511; x_wconf 75' lang='grc' dir='ltr'>οὕτως</span> <span class='ocrx_word' id='word_1_751' title='bbox 1581 5450 1793 5518; x_wconf 74' lang='grc' dir='ltr'>καὶτῆς</span> 
     </span>
    </p>
   </div>
   <div class='ocr_carea' id='block_1_106' title="bbox 218 5530 1793 5613">
    <p class='ocr_par' dir='ltr' id='par_1_106' title="bbox 218 5530 1793 5613">
     <span class='ocr_line' id='line_1_106' title="bbox 218 5530 1793 5613; baseline 0.008 -33"><span class='ocrx_word' id='word_1_752' title='bbox 218 5530 620 5599; x_wconf 77' lang='grc' dir='ltr'>παρακλήσεως</span> <span class='ocrx_word' id='word_1_753' title='bbox 683 5537 1062 5605; x_wconf 88' lang='grc' dir='ltr'>κοινωνήσετε.</span> <span class='ocrx_word' id='word_1_754' title='bbox 1139 5540 1489 5611; x_wconf 84' lang='grc' dir='ltr'>Παράκλησις</span> <span class='ocrx_word' id='word_1_755' title='bbox 1563 5543 1617 5595; x_wconf 82' lang='grc' dir='ltr'>δὲ</span> <span class='ocrx_word' id='word_1_756' title='bbox 1707 5542 1793 5613; x_wconf 79' lang='grc' dir='ltr'><strong>εἴη</strong></span> 
     </span>
    </p>
   </div>
   <div class='ocr_carea' id='block_1_107' title="bbox 218 5620 1792 5701">
    <p class='ocr_par' dir='ltr' id='par_1_107' title="bbox 218 5620 1792 5701">
     <span class='ocr_line' id='line_1_107' title="bbox 218 5620 1792 5701; baseline 0.008 -30"><span class='ocrx_word' id='word_1_757' title='bbox 218 5620 323 5681; x_wconf 78' lang='grc' dir='ltr'>ἂν,</span> <span class='ocrx_word' id='word_1_758' title='bbox 384 5621 417 5688; x_wconf 70' lang='grc' dir='ltr'><em>ἡ</em></span> <span class='ocrx_word' id='word_1_759' title='bbox 473 5621 532 5671; x_wconf 84' lang='grc' dir='ltr'>τὸ</span> <span class='ocrx_word' id='word_1_760' title='bbox 602 5626 1012 5695; x_wconf 75' lang='grc' dir='ltr'>περιαιρεθῆναι</span> <span class='ocrx_word' id='word_1_761' title='bbox 1082 5630 1204 5694; x_wconf 79' lang='grc' dir='ltr'>τοὺς</span> <span class='ocrx_word' id='word_1_762' title='bbox 1261 5635 1634 5701; x_wconf 77' lang='grc' dir='ltr'>πειρασμοὺς,</span> <span class='ocrx_word' id='word_1_763' title='bbox 1699 5635 1792 5685; x_wconf 72' lang='grc' dir='ltr'><strong>καὶ</strong></span> 
     </span>
    </p>
   </div>
   <div class='ocr_carea' id='block_1_108' title="bbox 293 5800 771 5869">
    <p class='ocr_par' dir='ltr' id='par_1_108' title="bbox 293 5800 771 5869">
     <span class='ocr_line' id='line_1_108' title="bbox 293 5800 771 5869; baseline 0.004 -14"><span class='ocrx_word' id='word_1_764' title='bbox 293 5809 311 5836; x_wconf 85' lang='grc'><strong><em>³</em></strong></span> <span class='ocrx_word' id='word_1_765' title='bbox 346 5800 561 5857; x_wconf 82' lang='lat' dir='ltr'><strong>Coloss.</strong></span> <span class='ocrx_word' id='word_1_766' title='bbox 612 5821 645 5869; x_wconf 88' lang='lat' dir='ltr'><strong>i,</strong></span> <span class='ocrx_word' id='word_1_767' title='bbox 687 5806 771 5860; x_wconf 65' lang='lat' dir='ltr'><strong>5i.</strong></span> 
     </span>
    </p>
   </div>
   <div class='ocr_carea' id='block_1_109' title="bbox 1894 4620 3467 4691">
    <p class='ocr_par' dir='ltr' id='par_1_109' title="bbox 1894 4620 3467 4691">
     <span class='ocr_line' id='line_1_109' title="bbox 1894 4620 3467 4691; baseline 0.003 -18"><span class='ocrx_word' id='word_1_768' title='bbox 1894 4622 2038 4690; x_wconf 93' lang='lat' dir='ltr'><strong>quod</strong></span> <span class='ocrx_word' id='word_1_769' title='bbox 2064 4621 2204 4673; x_wconf 90' lang='lat' dir='ltr'><strong>sicut</strong></span> <span class='ocrx_word' id='word_1_770' title='bbox 2236 4620 2529 4687; x_wconf 64' lang='lat' dir='ltr'><strong>participes</strong></span> <span class='ocrx_word' id='word_1_771' title='bbox 2550 4620 2684 4673; x_wconf 90' lang='lat' dir='ltr'><strong>estis</strong></span> <span class='ocrx_word' id='word_1_772' title='bbox 2712 4622 3096 4682; x_wconf 86' lang='lat' dir='ltr'><strong>tentationuin,</strong></span> <span class='ocrx_word' id='word_1_773' title='bbox 3134 4621 3207 4673; x_wconf 88' lang='lat' dir='ltr'><strong>ita</strong></span> <span class='ocrx_word' id='word_1_774' title='bbox 3245 4636 3467 4691; x_wconf 88' lang='lat' dir='ltr'><strong>quoque</strong></span> 
     </span>
    </p>
   </div>
   <div class='ocr_carea' id='block_1_110' title="bbox 1894 4709 3467 4778">
    <p class='ocr_par' dir='ltr' id='par_1_110' title="bbox 1894 4709 3467 4778">
     <span class='ocr_line' id='line_1_110' title="bbox 1894 4709 3467 4778; baseline -0.001 -13"><span class='ocrx_word' id='word_1_775' title='bbox 1894 4725 2117 4765; x_wconf 88' lang='lat' dir='ltr'><strong>necesse</strong></span> <span class='ocrx_word' id='word_1_776' title='bbox 2150 4709 2254 4764; x_wconf 86' lang='lat' dir='ltr'><strong>fuit</strong></span> <span class='ocrx_word' id='word_1_777' title='bbox 2286 4717 2343 4762; x_wconf 93' lang='lat' dir='ltr'><strong>ut</strong></span> <span class='ocrx_word' id='word_1_778' title='bbox 2375 4724 2469 4762; x_wconf 92' lang='lat' dir='ltr'><strong>vos</strong></span> <span class='ocrx_word' id='word_1_779' title='bbox 2509 4711 2805 4778; x_wconf 80' lang='lat' dir='ltr'><strong>participes</strong></span> <span class='ocrx_word' id='word_1_780' title='bbox 2836 4712 3030 4765; x_wconf 83' lang='lat' dir='ltr'><strong>essetis</strong></span> <span class='ocrx_word' id='word_1_781' title='bbox 3051 4720 3106 4764; x_wconf 91' lang='lat' dir='ltr'><strong>et</strong></span> <span class='ocrx_word' id='word_1_782' title='bbox 3143 4712 3467 4764; x_wconf 82' lang='lat' dir='ltr'><strong>consolatio-</strong></span> 
     </span>
    </p>
   </div>
   <div class='ocr_carea' id='block_1_111' title="bbox 1893 4799 3463 4873">
    <p class='ocr_par' dir='ltr' id='par_1_111' title="bbox 1893 4799 3463 4873">
     <span class='ocr_line' id='line_1_111' title="bbox 1893 4799 3463 4873; baseline -0.001 -19"><span class='ocrx_word' id='word_1_783' title='bbox 1893 4802 1998 4855; x_wconf 89' lang='lat' dir='ltr'><strong>nis.</strong></span> <span class='ocrx_word' id='word_1_784' title='bbox 2060 4799 2324 4854; x_wconf 84' lang='lat' dir='ltr'><strong>Videntes</strong></span> <span class='ocrx_word' id='word_1_785' title='bbox 2378 4800 2523 4854; x_wconf 89' lang='lat' dir='ltr'><strong>enim</strong></span> <span class='ocrx_word' id='word_1_786' title='bbox 2579 4815 2677 4853; x_wconf 89' lang='lat' dir='ltr'><strong>nos</strong></span> <span class='ocrx_word' id='word_1_787' title='bbox 2722 4802 3150 4855; x_wconf 83' lang='lat' dir='ltr'><strong>consolationem</strong></span> <span class='ocrx_word' id='word_1_788' title='bbox 3196 4805 3463 4873; x_wconf 79' lang='lat' dir='ltr'><strong>accipere,</strong></span> 
     </span>
    </p>
   </div>
   <div class='ocr_carea' id='block_1_112' title="bbox 1892 4891 3463 4964">
    <p class='ocr_par' dir='ltr' id='par_1_112' title="bbox 1892 4891 3463 4964">
     <span class='ocr_line' id='line_1_112' title="bbox 1892 4891 3463 4964; baseline 0.001 -17"><span class='ocrx_word' id='word_1_789' title='bbox 1892 4891 2036 4947; x_wconf 83' lang='lat' dir='ltr'><strong>bono</strong></span> <span class='ocrx_word' id='word_1_790' title='bbox 2065 4896 2219 4947; x_wconf 86' lang='lat' dir='ltr'><strong>eritis</strong></span> <span class='ocrx_word' id='word_1_791' title='bbox 2256 4903 2309 4946; x_wconf 88' lang='lat' dir='ltr'><strong>et</strong></span> <span class='ocrx_word' id='word_1_792' title='bbox 2352 4907 2445 4945; x_wconf 90' lang='lat' dir='ltr'><strong>vos</strong></span> <span class='ocrx_word' id='word_1_793' title='bbox 2485 4892 2690 4954; x_wconf 89' lang='lat' dir='ltr'><strong>animo,</strong></span> <span class='ocrx_word' id='word_1_794' title='bbox 2730 4892 2874 4959; x_wconf 88' lang='lat' dir='ltr'><strong>quod</strong></span> <span class='ocrx_word' id='word_1_795' title='bbox 2923 4896 3366 4964; x_wconf 84' lang='lat' dir='ltr'><strong>quandoquidem</strong></span> <span class='ocrx_word' id='word_1_796' title='bbox 3409 4895 3463 4949; x_wconf 86' lang='lat' dir='ltr'><strong>in</strong></span> 
     </span>
    </p>
   </div>
   <div class='ocr_carea' id='block_1_113' title="bbox 1889 4983 3465 5054">
    <p class='ocr_par' dir='ltr' id='par_1_113' title="bbox 1889 4983 3465 5054">
     <span class='ocr_line' id='line_1_113' title="bbox 1889 4983 3465 5054; baseline 0.001 -17"><span class='ocrx_word' id='word_1_797' title='bbox 1889 4983 2237 5037; x_wconf 89' lang='lat' dir='ltr'><strong>afﬂictionein</strong></span> <span class='ocrx_word' id='word_1_798' title='bbox 2284 4983 2610 5046; x_wconf 88' lang='lat' dir='ltr'><strong>incideritis,</strong></span> <span class='ocrx_word' id='word_1_799' title='bbox 2653 4986 3093 5038; x_wconf 64' lang='lat' dir='ltr'><strong>cvnsolationcm</strong></span> <span class='ocrx_word' id='word_1_800' title='bbox 3128 5001 3222 5037; x_wconf 90' lang='lat' dir='ltr'><strong>vos</strong></span> <span class='ocrx_word' id='word_1_801' title='bbox 3248 5002 3465 5054; x_wconf 82' lang='lat' dir='ltr'><strong>quoque</strong></span> 
     </span>
    </p>
   </div>
   <div class='ocr_carea' id='block_1_114' title="bbox 1893 5076 3464 5147">
    <p class='ocr_par' dir='ltr' id='par_1_114' title="bbox 1893 5076 3464 5147">
     <span class='ocr_line' id='line_1_114' title="bbox 1893 5076 3464 5147; baseline 0.001 -16"><span class='ocrx_word' id='word_1_802' title='bbox 1893 5078 2173 5145; x_wconf 86' lang='lat' dir='ltr'><strong>accipietis</strong></span> <span class='ocrx_word' id='word_1_803' title='bbox 2208 5077 2349 5131; x_wconf 88' lang='lat' dir='ltr'><strong>sicut</strong></span> <span class='ocrx_word' id='word_1_804' title='bbox 2385 5086 2436 5129; x_wconf 88' lang='lat' dir='ltr'><strong>et</strong></span> <span class='ocrx_word' id='word_1_805' title='bbox 2485 5091 2606 5130; x_wconf 88' lang='lat' dir='ltr'><strong>nos.</strong></span> <span class='ocrx_word' id='word_1_806' title='bbox 2642 5076 2795 5130; x_wconf 85' lang='lat' dir='ltr'><strong>Sicut</strong></span> <span class='ocrx_word' id='word_1_807' title='bbox 2829 5078 2972 5130; x_wconf 90' lang='lat' dir='ltr'><strong>enim</strong></span> <span class='ocrx_word' id='word_1_808' title='bbox 3011 5079 3303 5147; x_wconf 86' lang='lat' dir='ltr'><strong>participes</strong></span> <span class='ocrx_word' id='word_1_809' title='bbox 3333 5081 3464 5133; x_wconf 80' lang='lat' dir='ltr'><strong>estis</strong></span> 
     </span>
    </p>
   </div>
   <div class='ocr_carea' id='block_1_115' title="bbox 1892 5170 3463 5239">
    <p class='ocr_par' dir='ltr' id='par_1_115' title="bbox 1892 5170 3463 5239">
     <span class='ocr_line' id='line_1_115' title="bbox 1892 5170 3463 5239; baseline -0.001 -15"><span class='ocrx_word' id='word_1_810' title='bbox 1892 5170 2271 5233; x_wconf 89' lang='lat' dir='ltr'><strong>afﬂictionum,</strong></span> <span class='ocrx_word' id='word_1_811' title='bbox 2302 5172 2371 5223; x_wconf 86' lang='lat' dir='ltr'><strong>ita</strong></span> <span class='ocrx_word' id='word_1_812' title='bbox 2396 5186 2613 5239; x_wconf 89' lang='lat' dir='ltr'><strong>quoque</strong></span> <span class='ocrx_word' id='word_1_813' title='bbox 2652 5182 2705 5224; x_wconf 86' lang='lat' dir='ltr'><strong>et</strong></span> <span class='ocrx_word' id='word_1_814' title='bbox 2746 5172 2796 5223; x_wconf 91' lang='lat' dir='ltr'><strong>in</strong></span> <span class='ocrx_word' id='word_1_815' title='bbox 2825 5173 3194 5225; x_wconf 86' lang='lat' dir='ltr'><strong>consolatione</strong></span> <span class='ocrx_word' id='word_1_816' title='bbox 3238 5173 3463 5239; x_wconf 80' lang='lat' dir='ltr'><strong>partici-</strong></span> 
     </span>
    </p>
   </div>
   <div class='ocr_carea' id='block_1_116' title="bbox 1896 5262 3462 5330">
    <p class='ocr_par' dir='ltr' id='par_1_116' title="bbox 1896 5262 3462 5330">
     <span class='ocr_line' id='line_1_116' title="bbox 1896 5262 3462 5330; baseline 0.002 -17"><span class='ocrx_word' id='word_1_817' title='bbox 1896 5263 2115 5330; x_wconf 90' lang='lat' dir='ltr'><strong>pabitis.</strong></span> <span class='ocrx_word' id='word_1_818' title='bbox 2163 5262 2479 5315; x_wconf 85' lang='lat' dir='ltr'><strong>Consolatio</strong></span> <span class='ocrx_word' id='word_1_819' title='bbox 2528 5272 2709 5313; x_wconf 89' lang='lat' dir='ltr'><strong>autem</strong></span> <span class='ocrx_word' id='word_1_820' title='bbox 2751 5262 2855 5314; x_wconf 87' lang='lat' dir='ltr'><strong>dici</strong></span> <span class='ocrx_word' id='word_1_821' title='bbox 2924 5268 3123 5330; x_wconf 89' lang='lat' dir='ltr'><strong>potest,</strong></span> <span class='ocrx_word' id='word_1_822' title='bbox 3178 5262 3259 5315; x_wconf 90' lang='lat' dir='ltr'><strong>vel</strong></span> <span class='ocrx_word' id='word_1_823' title='bbox 3319 5262 3462 5330; x_wconf 87' lang='lat' dir='ltr'><strong>quod</strong></span> 
     </span>
    </p>
   </div>
   <div class='ocr_carea' id='block_1_117' title="bbox 1896 5352 3464 5423">
    <p class='ocr_par' dir='ltr' id='par_1_117' title="bbox 1896 5352 3464 5423">
     <span class='ocr_line' id='line_1_117' title="bbox 1896 5352 3464 5423; baseline 0.001 -16"><span class='ocrx_word' id='word_1_824' title='bbox 1896 5358 2244 5408; x_wconf 88' lang='lat' dir='ltr'><strong>aut&#39;crrenlur</strong></span> <span class='ocrx_word' id='word_1_825' title='bbox 2290 5352 2642 5407; x_wconf 78' lang='lat' dir='ltr'><strong>:ifﬂictiones:</strong></span> <span class='ocrx_word' id='word_1_826' title='bbox 2686 5354 2767 5408; x_wconf 89' lang='lat' dir='ltr'><strong>vel</strong></span> <span class='ocrx_word' id='word_1_827' title='bbox 2816 5355 2962 5423; x_wconf 89' lang='lat' dir='ltr'><strong>quod</strong></span> <span class='ocrx_word' id='word_1_828' title='bbox 2996 5371 3061 5408; x_wconf 77' lang='lat' dir='ltr'><strong>ex</strong></span> <span class='ocrx_word' id='word_1_829' title='bbox 3104 5356 3380 5423; x_wconf 86' lang='lat' dir='ltr'><strong>insperato</strong></span> <span class='ocrx_word' id='word_1_830' title='bbox 3433 5370 3464 5409; x_wconf 85' lang='lat' dir='ltr'><strong>a</strong></span> 
     </span>
    </p>
   </div>
   <div class='ocr_carea' id='block_1_118' title="bbox 1897 5447 3462 5518">
    <p class='ocr_par' dir='ltr' id='par_1_118' title="bbox 1897 5447 3462 5518">
     <span class='ocr_line' id='line_1_118' title="bbox 1897 5447 3462 5518; baseline -0.001 -15"><span class='ocrx_word' id='word_1_831' title='bbox 1897 5450 2257 5518; x_wconf 68' lang='lat' dir='ltr'><strong>prmsentibus</strong></span> <span class='ocrx_word' id='word_1_832' title='bbox 2296 5447 2660 5503; x_wconf 88' lang='lat' dir='ltr'><strong>liberarentur</strong></span> <span class='ocrx_word' id='word_1_833' title='bbox 2701 5448 2964 5517; x_wconf 86' lang='lat' dir='ltr'><strong>periculis</strong></span> <span class='ocrx_word' id='word_1_834' title='bbox 3000 5466 3014 5511; x_wconf 86' lang='lat'><strong>;</strong></span> <span class='ocrx_word' id='word_1_835' title='bbox 3074 5457 3167 5499; x_wconf 89' lang='lat' dir='ltr'><strong>aut</strong></span> <span class='ocrx_word' id='word_1_836' title='bbox 3214 5447 3357 5515; x_wconf 86' lang='lat' dir='ltr'><strong>quod</strong></span> <span class='ocrx_word' id='word_1_837' title='bbox 3408 5448 3462 5501; x_wconf 91' lang='lat' dir='ltr'><strong>in</strong></span> 
     </span>
    </p>
   </div>
   <div class='ocr_carea' id='block_1_119' title="bbox 1893 5539 3462 5609">
    <p class='ocr_par' dir='ltr' id='par_1_119' title="bbox 1893 5539 3462 5609">
     <span class='ocr_line' id='line_1_119' title="bbox 1893 5539 3462 5609; baseline -0.001 -15"><span class='ocrx_word' id='word_1_838' title='bbox 1893 5542 2086 5596; x_wconf 88' lang='lat' dir='ltr'><strong>mediis</strong></span> <span class='ocrx_word' id='word_1_839' title='bbox 2118 5540 2401 5594; x_wconf 88' lang='lat' dir='ltr'><strong>constituti</strong></span> <span class='ocrx_word' id='word_1_840' title='bbox 2431 5540 2705 5609; x_wconf 88' lang='lat' dir='ltr'><strong>periculis,</strong></span> <span class='ocrx_word' id='word_1_841' title='bbox 2745 5541 2975 5595; x_wconf 89' lang='lat' dir='ltr'><strong>viriliter</strong></span> <span class='ocrx_word' id='word_1_842' title='bbox 3011 5554 3318 5609; x_wconf 82' lang='lat' dir='ltr'><strong>magnoque</strong></span> <span class='ocrx_word' id='word_1_843' title='bbox 3340 5539 3462 5593; x_wconf 91' lang='lat' dir='ltr'><strong>ani-</strong></span> 
     </span>
    </p>
   </div>
   <div class='ocr_carea' id='block_1_120' title="bbox 1892 5631 3455 5701">
    <p class='ocr_par' dir='ltr' id='par_1_120' title="bbox 1892 5631 3455 5701">
     <span class='ocr_line' id='line_1_120' title="bbox 1892 5631 3455 5701; baseline -0.003 -14"><span class='ocrx_word' id='word_1_844' title='bbox 1892 5648 1980 5688; x_wconf 89' lang='lat' dir='ltr'><strong>mo</strong></span> <span class='ocrx_word' id='word_1_845' title='bbox 2007 5632 2207 5689; x_wconf 82' lang='lat' dir='ltr'><strong>ferrent</strong></span> <span class='ocrx_word' id='word_1_846' title='bbox 2232 5648 2353 5701; x_wconf 63' lang='lat' dir='ltr'><strong>qua:</strong></span> <span class='ocrx_word' id='word_1_847' title='bbox 2372 5633 2700 5699; x_wconf 84' lang='lat' dir='ltr'><strong>inciderent,</strong></span> <span class='ocrx_word' id='word_1_848' title='bbox 2725 5631 3033 5687; x_wconf 86' lang='lat' dir='ltr'><strong>futurorum</strong></span> <span class='ocrx_word' id='word_1_849' title='bbox 3057 5648 3150 5700; x_wconf 88' lang='lat' dir='ltr'><strong>spe</strong></span> <span class='ocrx_word' id='word_1_850' title='bbox 3176 5632 3416 5687; x_wconf 89' lang='lat' dir='ltr'><strong>roborati</strong></span> <span class='ocrx_word' id='word_1_851' title='bbox 3442 5647 3455 5682; x_wconf 71' lang='grc' dir='ltr'><strong>ι</strong></span> 
     </span>
    </p>
   </div>
  </div>
