4204 6464
752 369 859 435 919

1815 364 2217 437 (ECUMENII
2255 376 2552 441 TRICC/E
2592 381 2936 446 EPISCOPI

3893 392 3996 457 990

747 492 930 561 Quare
968 486 1214 544 nonnu'li
1235 491 1695 545 resurrectionem
1717 506 1826 546 non
1859 494 2129 548 credunt?
2154 493 2320 565 hujus

2422 508 2522 569 της
2552 498 2580 550 ὁ
2603 497 2761 562 Θεός.
2806 501 2984 572 Ἦμᾶς
3014 502 3123 575 γάρ
3162 504 3241 575 τῷ
3278 502 3384 575 ὅλῳ
3433 504 3588 575 μέρει
3621 504 3995 577 νεκρωθὲιτας

746 592 859 659 jam
894 588 1096 645 indicia
1128 601 1193 641 ac
1222 586 1379 655 signa
1418 583 1610 639 tribuit
1642 584 1784 641 Deus
1817 603 1830 639 :
1864 600 1966 641 nos
1993 586 2136 639 enim
2167 587 2315 641 omni

749 691 906 754 parte
964 688 1212 734 mortuos
1264 676 1572 731 suscitavit.
1613 694 1631 726 ι
1679 677 1834 742 Quod
1896 677 2060 731 etiam
2089 678 2319 746 posthac

747 783 1040 843 erepturus
1087 771 1176 824 sit.
1220 788 1241 822 ι
1269 768 1384 824 Hoc
1417 769 1653 824 ostendit
1680 770 1851 839 ipsius
1890 769 2056 823 vitam
2102 771 2157 824 in
2187 785 2321 825 con-

749 868 900 919 tinua
939 877 1061 918 esse
1090 862 1499 931 esspectatione
1528 859 1908 914 alllictionum.
1942 859 2133 915 Dicere
2161 876 2318 915 nam-

748 972 855 1024 que
889 955 1123 1024 Eripiet,
1156 955 1275 1022 ejus
1305 967 1490 1008 sermo
1519 961 1623 1016 est,
1660 952 1756 1021 qui
1792 960 2023 1006 noverat
2052 967 2111 1006 se
2141 959 2319 1005 tenta-

747 1046 923 1099 tiones
948 1054 1003 1099 et
1026 1043 1349 1097 alllictiones
1379 1057 1594 1111 semper
1618 1041 1951 1096 habiturum.
1976 1038 2113 1096 Vide
2136 1051 2319 1097 autem

745 1136 1096 1190 modestiam.
1151 1132 1355 1189 Paulus
1399 1132 1807 1187 Corinthiorum
1858 1133 2124 1187 auxilium
2172 1134 2319 1204 quod

720 1214 829 1282 Vest
869 1228 936 1282 ab
962 1227 1211 1281 oratione
1255 1227 1493 1297 postulat
1526 1241 1538 1276 :
1582 1224 1687 1279 boc
1729 1232 1911 1279 autem
1950 1235 2035 1280 est
2073 1226 2323 1281 docentis

744 1320 909 1374 etiam
945 1318 1203 1387 precandi
1240 1316 1643 1371 necessitatem.
1678 1335 1697 1368 ι
1729 1315 1903 1370 Simul
1932 1317 2318 1385 adjuvantibus

745 1421 800 1462 et
830 1407 1007 1461 vobis.
1042 1426 1061 1458 ι
1117 1406 1326 1475 Eripiet
1369 1413 1554 1459 autem
1601 1418 1703 1457 nos
1740 1402 1906 1464 Deus,
1950 1402 2109 1456 vobis
2148 1404 2315 1456 etiam

742 1498 1058 1567 precatione
1091 1495 1483 1565 adjuvantibus
1540 1513 1552 1546 :
1602 1499 1661 1545 ut
1716 1506 2089 1554 communem,
2122 1491 2317 1559 inquit,

746 1589 877 1642 mibi
913 1590 1139 1658 gratiam
1180 1603 1245 1641 ac
1280 1588 1431 1641 vobis
1462 1585 1668 1638 tribuat
1718 1601 1732 1637 :
1772 1592 1831 1637 ut
1861 1584 1917 1637 in
1952 1585 2138 1638 multis
2193 1599 2319 1651 per-

744 1680 917 1737 sonis.
954 1680 1057 1733 hoc
1086 1687 1186 1739 est,
1216 1693 1310 1747 per
1340 1677 1542 1732 multas
1575 1692 1856 1746 personas,
1887 1692 2082 1746 nempe
2110 1685 2317 1731 vestras

740 1772 933 1841 gratiae
966 1770 1074 1824 Deo
1110 1777 1343 1839 agantur
1380 1784 1480 1838 pro
1513 1769 1659 1823 dono
1691 1768 1825 1822 mihi
1863 1769 2174 1822 collato.—
2196 1768 2316 1820 Alio

739 1831 940 1933 quoque
971 1831 1171 1914 modo:
1207 1878 1226 1911 ι
1257 1858 1328 1914 Ut
1362 1831 1427 1913 ex
1464 1859 1651 1913 multis
1695 1859 1967 1927 personis.
2003 1876 2021 1910 ι
2071 1857 2182 1911 lloc
2212 1867 2315 1922 est,
2349 1831 2390 1885 Β

741 1964 982 2008 vestrum
1007 1953 1250 2007 omnium
1272 1950 1709 2020 deprecationem
1734 1952 2059 2019 suscipiens,
2090 1948 2316 2017 posthac

740 2046 903 2100 etiam
937 2060 1037 2100 nos
1064 2045 1260 2113 eripiat
1283 2043 1557 2109 simulque
1579 2043 1764 2112 gratiae
1791 2049 2022 2109 agantur
2052 2057 2149 2110 pro
2171 2040 2316 2095 dono

741 2138 797 2191 in
832 2152 932 2191 nos
963 2137 1184 2190 collato.
1223 2136 1345 2189 Non
1381 2133 1520 2188 dixit
1558 2143 1739 2187 autem
1775 2148 1789 2184 :
1824 2130 1896 2188 Ut
1931 2133 2120 2203 gratiae
2150 2147 2317 2201 agan-

742 2238 831 2283 tur
862 2242 959 2297 pro
987 2227 1161 2296 gratia
1204 2234 1299 2279 aut
1338 2224 1542 2279 auxilio
1582 2224 1716 2277 mihi
1757 2224 1979 2286 collato,
2019 2223 2113 2276 sed
2152 2241 2171 2272 ι
2211 2222 2317 2273 Pro

741 2320 907 2375 dono.
936 2337 954 2369 ι
987 2316 1120 2371 Nam
1150 2318 1396 2387 χάρισμα
1420 2316 1603 2370 dicere
1630 2316 1873 2370 solemus
1898 2314 1964 2369 dc
1990 2314 2315 2369 sublimibus

740 2420 796 2467 et
832 2412 1200 2475 admirandis,
1230 2425 1459 2479 quaeque
1504 2409 1797 2464 humanam
1840 2409 2113 2463 excedunt
2157 2417 2316 2463 natu-

740 2518 881 2557 ram.
933 2502 1097 2573 598
1132 2500 1274 2555 Dixit
1307 2511 1489 2556 autem
1526 2516 1539 2553 :
1591 2518 1610 2550 ι
1652 2498 1758 2553 Pro
1788 2500 1931 2552 dono
1971 2500 2024 2552 in
2068 2514 2169 2553 nos
2203 2500 2318 2553 col-

742 2596 884 2656 lato,
939 2611 1037 2665 per
1085 2595 1309 2660 multos,
1358 2594 1473 2647 sive
1526 2591 1717 2655 multa,
1765 2592 1953 2661 gratia:
1991 2600 2245 2659 agantur,
2291 2609 2309 2641 ι

742 2687 1086 2757 praemittens
1120 2703 1132 2739 :
1170 2705 1188 2736 ι
1226 2684 1299 2737 Ex
1334 2684 1521 2738 multis
1557 2684 1822 2751 personis.
1859 2702 1877 2734 ι
1912 2682 2317 2748 Quamobrem?

742 2794 811 2833 an
849 2793 956 2833 non
1000 2777 1348 2831 manifestum
1389 2784 1470 2829 est
1508 2776 1653 2843 quod
1704 2791 1798 2844 per
1845 2774 1898 2829 id
1945 2775 2088 2842 quod
2129 2773 2263 2827 dicit
2297 2790 2311 2825 :

748 2889 768 2919 ι
810 2869 882 2922 Ex
932 2871 1115 2922 nmltis
1156 2867 1427 2936 personis,
1466 2887 1485 2919 ι
1533 2868 1805 2934 signiﬁcat
1833 2881 1928 2919 eos
1960 2868 2159 2919 debere
2188 2880 2314 2936 gra-

746 2959 849 3012 tias
902 2974 1101 3026 ageie;
1142 2974 1235 3025 per
1284 2958 1386 3010 hoc
1432 2966 1612 3009 autem
1654 2954 1800 3024 quod
1837 2956 1986 3009 addit
2039 2954 2128 3007 διὰ
2185 2953 2315 3005 πολ-

744 3053 873 3117 λῶν,
933 3053 984 3106 id
1042 3062 1146 3115 est,
1205 3068 1299 3121 per
1351 3053 1547 3113 multa,
1612 3049 1806 3103 modos
1859 3050 2061 3102 indicat
2116 3050 2315 3116 quibus

2422 590 2666 661 ἤγειρεν.
2698 609 2718 643 ε
2752 592 2873 646 Ὀτι
2900 596 2994 647 καὶ
3016 594 3097 648 ἔτι
3121 594 3370 665 ῥύσεται.
3400 614 3418 646 ι
3440 594 3612 648 Τοῦτο
3632 595 3876 649 δείκνυσι
3905 598 3995 649 τὸν

2421 679 2588 732 αὐτοῦ
2621 679 2757 749 βίον,
2792 683 2880 735 ἀεὶ
2908 683 3037 735 ὅντα
3064 686 3121 736 ὲν
3149 686 3447 757 προσδοκίᾳ
3474 684 3728 755 θλίψεων.
3762 687 3837 738 Τὸ
3864 689 3993 758 γάρ,

2431 768 2703 838 Ῥύσεται,
2743 774 2945 835 εἰδότος
2976 770 3045 845 ἦν
3083 776 3171 828 ἀεὶ
3199 776 3344 839 ἕξειν
3377 775 3743 845 πειρασμούς.
3771 778 3914 847 Ὅρα
3942 780 3997 831 δὲ

2419 864 2949 934 ταπεινοφροσύνην
2980 866 3191 929 Παῦλος
3223 866 3323 935 τῆς
3358 866 3664 940 Κορινθίων
3699 868 3867 935 εὐχῆς
3899 869 3997 936 τήν

2423 954 2716 1025 συνεργίαν
2752 957 2911 1009 αἰτεῖ.
2930 956 3102 1011 Τοῦτο
3128 958 3188 1010 δέ
3226 960 3363 1023 ἐστι,
3388 961 3478 1013 καὶ
3527 959 3872 1023 διδάσκοντος
3896 961 3960 1028 τῆ
3968 978 3993 1022 ς

2421 1043 2587 1111 εὐχῆς
2614 1045 2675 1097 τὸ
2695 1046 3014 1111 ἀναγκαῖον.
3055 1066 3074 1097 α
3100 1047 3634 1119 Συνυπουργούντων
3653 1050 3748 1101 καὶ
3777 1050 3807 1100 ὐ
3818 1049 3937 1118 μῶν
3967 1067 3986 1097 ι

2434 1132 2683 1187 Ῥύσεται
2712 1136 2770 1188 δὲ
2807 1138 2955 1206 ἡμᾶς
2989 1137 3191 1204 ὁΘεὺς,
3225 1139 3319 1191 καὶ
3362 1138 3519 1208 ὑμῶν
3571 1141 3651 1201 εἰς
3690 1138 3790 1207 τὴν
3828 1137 3992 1207 εὐχὴν

2423 1222 2828 1292 συνεργούντων
2849 1243 2862 1257 ·
2910 1225 3020 1291 ἴνα,
3068 1227 3223 1296 φησὶ,
3251 1228 3441 1297 κοινὴν
3480 1228 3580 1299 τὴν
3600 1228 3760 1299 χάριν
3779 1232 3803 1280 ὲ
3814 1229 3905 1296 μοί
3934 1246 3991 1279 τε

2422 1312 2515 1365 καὶ
2541 1313 2669 1382 ὑμῖν
2709 1316 2989 1389 παράσχῃ.
3041 1319 3127 1371 ἵνα
3151 1320 3209 1372 ὲν
3248 1319 3427 1389 πολλῷ
3480 1320 3781 1392 προσώπῳ,
3841 1337 3991 1371 τουτ-

2422 1405 2559 1470 έστι,
2587 1405 2676 1459 διὰ
2723 1408 2935 1461 πολλῶν
2989 1410 3320 1479 προσώπων,
3350 1412 3458 1464 τῶν
3489 1413 3777 1481 ὑμετέρων
3806 1413 3995 1481 δηλον-

2420 1500 2525 1564 ότι,
2556 1501 2922 1573 εὐχαριστηθῇ
2948 1505 2978 1557 δ
3018 1504 3151 1567 Θεὸς
3185 1505 3327 1571 ὑπὲρ
3372 1505 3470 1574 τῆς
3494 1506 3574 1567 εἰς
3614 1506 3713 1573 ἐμὲ
3752 1507 3991 1575 χάριτος.

2419 1592 2611 1645 -Καί
2654 1593 2874 1658 ἄλλως.
2908 1612 2927 1644 ι
2954 1593 3067 1647 Ἰνα
3093 1597 3157 1648 ἐκ
3189 1596 3402 1648 πολλῶν
3431 1595 3760 1666 προσώπων,
3794 1616 3813 1647 ι
3846 1614 3993 1648 τουτ-

2420 1682 2557 1746 έστι,
2589 1683 2697 1736 τῶν
2733 1684 3015 1756 ὑμετέρων
3053 1686 3151 1757 τὴν
3182 1686 3369 1757 δέησιν
3408 1683 3859 1757 προσδεχόμενος,
3903 1690 3993 1739 καὶ

2420 1773 2502 1826 ἔτι
2559 1774 2788 1844 ρύσηται
2864 1778 3035 1847 ημᾶς,
3087 1778 3181 1831 καὶ
3226 1778 3342 1846 ἅμα
3392 1779 3761 1848 εὐχαριστηθῇ
3811 1778 3874 1830 το
3917 1781 3994 1835 εἰς

2424 1866 2571 1934 ἡμᾶς
2610 1867 2780 1919 αὐτοῦ
2801 1870 3023 1934 γεγονὸς
3065 1870 3329 1938 χάρισμα.
3370 1869 3485 1921 Οὐκ
3519 1865 3639 1921 εἶπε
3678 1869 3756 1925 δὲ.
3797 1869 3915 1920 "Iv:
3960 1872 3991 1935 ἠ

2424 1954 2581 2025 χάρις
2612 1955 2777 2008 αὐτοῦ
2807 1957 2940 2023 ἠείς
2992 1958 3090 2025 ἐμὲ
3142 1958 3535 2029 εὐχαριστηθῇ,
3577 1960 3635 2027 ἢ,
3673 1962 3703 2027 ἡ
3749 1958 3992 2026 βοήθεια.

2422 2046 2560 2099 ἀλλὰ
2593 2050 2650 2099 τὸ
2698 2049 2982 2117 χάρισμα,
3036 2051 3174 2121 ὅπερ
3205 2050 3479 2121 εἰώθαμεν
3523 2052 3703 2117 λέγειν
3750 2053 3843 2102 ἐπὶ
3886 2050 3997 2102 τῶν

2424 2139 2643 2209 ὑψηλῶν
2694 2142 2784 2192 καὶ
2844 2142 3191 2211 παραδόξων,
3251 2144 3344 2196 καὶ
3378 2144 3475 2211 τὴν
3519 2143 3870 2213 ἀνθρωπίνην
3897 2142 4000 2208 φύ-

2426 2246 2511 2281 σιν
2552 2233 2983 2301 ὑπερκειμένων.
3022 2230 3154 2286 Eine
3205 2234 3259 2286 es
3292 2235 3353 2285 τὸ
3384 2275 3397 2297 ,
3434 2253 3453 2283 ι
3481 2234 3572 2296 Εἰς
3633 2236 3780 2301 ἡμᾶς
3830 2232 3996 2285 αὐτοῦ

2422 2325 2669 2394 χάρισμα
2699 2327 2788 2377 διὰ
2835 2325 3047 2377 πολλῶν
3101 2327 3493 2395 εὐχαριστηθῇ,
3543 2346 3559 2376 ι
3591 2328 3858 2397 πρότερον
3913 2329 3998 2379 εί-

2424 2418 2559 2481 πὼν,
2602 2435 2618 2468 ι
2659 2418 2751 2469 Ἐκ
2790 2418 2998 2470 πολλῶν
3037 2417 3365 2487 προσώπων.
3388 2438 3407 2470 ι
3438 2418 3596 2489 Τίδή
3643 2435 3795 2485 ποτε,
3835 2420 3869 2487 ἢ
3896 2418 3995 2486 δῆ-

2423 2507 2535 2569 λον,
2569 2508 2743 2577 ὅτιτῷ
2780 2509 2897 2577 μὲν,
2946 2530 2961 2558 ι
3000 2510 3094 2561 Ἐκ
3131 2510 3342 2561 πολλῶν
3384 2509 3753 2578 προσώπων,›
3777 2510 3878 2578 τὴν
3908 2511 4001 2563 εὐ-

2423 2604 2701 2669 χαριστεῖν
2725 2601 3040 2667 ὀφείλοντας
3073 2602 3247 2670 δηλῶν
3273 2619 3285 2632 ·
3312 2600 3391 2668 τῷ
3412 2602 3467 2653 δὲ
3489 2602 3578 2653 διὰ
3610 2602 3845 2663 πολλῶν,
3869 2604 4003 2661 τοὺς

2422 2688 2655 2756 τρόπους
2685 2686 2806 2740 καθ’
2842 2688 2933 2748 οὓς
2964 2688 3043 2739 δεῖ
3078 2689 3441 2758 εὐχαριστεῖν.
3480 2688 3553 2739 υύ
3596 2689 3706 2757 γάρ
3743 2689 4002 2758 ἀρκεῖται

2420 2778 2489 2831 δι’
2508 2778 2625 2841 ἐνδς
2656 2781 2854 2842 αὐτοὺς
2879 2779 3082 2849 τρόπου
3103 2781 3514 2849 ειύχαριστῆσαι.
3533 2779 3670 2832 ἀλλὰ
3697 2779 3786 2831 διὰ
3817 2778 4003 2832 πλειό-

2424 2887 2549 2932 νων,
2584 2869 2758 2932 οὐτως
2784 2871 2935 2923 ἐστὶν
2992 2870 3315 2939 εὐγνώμων,
3349 2870 3444 2923 καὶ
3494 2869 3666 2933 οὕτως
3708 2866 3815 2923 οἶδε
3852 2872 4003 2939 μέγα

2423 2964 2769 3031 εὐεργέτημα
2807 2963 2867 3016 τι)
2907 2964 2987 3026 είς
3040 2964 3203 3016 αὐτὸν
3251 2963 3640 3031 γεγενημένον,
3691 2964 3893 3031 μᾶλλον
3941 2964 4001 3015 δὲ

2422 3054 2495 3116 ώς
2522 3056 2728 3115 ἐκεῖνος
2776 3054 2929 3122 φησὶ,
2981 3054 3263 3125 χάρισμα.
3305 3055 3425 3107 Ὀτι
3474 3054 3595 3107 οὐδὲ
3627 3054 3815 3107 ἑαυτὸν
3837 3054 4004 3122 ἐξαρ-

744 3153 992 3213 oporteat
1026 3144 1229 3212 gratias
1259 3158 1418 3211 agerc
1440 3142 1461 3195 ἲ
1483 3140 1673 3209 Neque
1698 3142 1842 3194 enim
1875 3141 2009 3194 satis
2048 3150 2130 3194 est
2168 3141 2316 3208 ipsos

2422 3147 2537 3195 κεῖν
2571 3145 2648 3206 είς
2679 3144 3031 3214 εὐχαριστίαν
3059 3143 3293 3213 νομίζει,
3318 3144 3435 3197 ἀλλ’
3470 3144 3591 3197 οὐδὲ
3619 3146 3742 3207 τοὺς
3766 3146 4004 3208 πολλοὺς

746 3250 858 3289 uno
890 3236 1049 3287 modo
1080 3235 1281 3302 gratias
1312 3248 1492 3303 agere,
1518 3233 1611 3286 sed
1644 3232 1893 3299 pluribus
1923 3248 1935 3284 :
1968 3233 2105 3285 adeo
2131 3242 2316 3301 gratus

742 3336 825 3380 est
858 3327 1103 3395 adeoque
1133 3327 1284 3379 novit
1314 3326 1519 3392 grande.
1554 3324 1753 3377 factum
1785 3339 1909 3378 esse
1940 3326 1991 3376 in
2023 3340 2080 3378 se
2111 3325 2316 3379 beneﬁ-

742 3420 911 3481 cium,
944 3419 1052 3471 imo
1084 3420 1263 3486 potius
1302 3418 1568 3486 χάρισμα,
1615 3425 1672 3468 ιιι
1705 3414 1821 3485 ipse
1857 3416 2056 3484 inquit,
2103 3417 2203 3468 hoc
2233 3425 2315 3469 est

742 3510 947 3564 donum
1000 3510 1280 3562 eximium.
1332 3508 1471 3572 Quia
1524 3522 1700 3576 neque
1750 3508 1993 3575 seipsurn
2065 3507 2312 3560 sullicere

743 3604 1021 3658 existimat
1065 3602 1132 3655 ad
1178 3600 1382 3670 gratias
1417 3600 1713 3669 agendum,
1754 3600 1849 3653 sed
1896 3615 2073 3668 neque
2109 3600 2311 3653 multos

744 3711 953 3757 secum,
991 3694 1094 3747 nisi
1137 3693 1321 3746 multis
1359 3706 1578 3761 quoque
1613 3691 1791 3745 modis
1830 3690 2021 3760 gratia:
2056 3701 2308 3759 agantur,

742 3786 937 3841 deinde
991 3784 1271 3853 subjungit
1321 3800 1335 3837 :
1399 3801 1417 3834 ι
1464 3783 1570 3836 Pro
1624 3784 1803 3836 vobis.
1863 3800 1881 3831 ι
1940 3782 2061 3834 Alio
2112 3798 2313 3850 quoque

742 3879 915 3931 modo.
952 3875 1061 3930 lloc
1090 3887 1171 3929 est
1204 3892 1217 3926 :
1251 3874 1431 3939 Quare
1460 3874 1846 3942 deprecatione
1882 3876 2115 3941 teipsnm
2154 3873 2312 3939 adju-

743 3969 1037 4024 vabimus?
1070 3967 1250 4033 Quare
1288 3968 1492 4036 gratias
1526 3967 1792 4035 ageinus?
1821 3964 1958 4030 Quia
1994 3966 2137 4034 quod
2177 3966 2310 4018 lihe-

744 4071 897 4115 ratus
928 4062 1055 4123 sim,
1091 4060 1289 4127 inquit,
1314 4068 1367 4113 et
1391 4058 1617 4126 posthac
1638 4057 1800 4110 etiam
1836 4056 2150 4110 liberandus
2181 4056 2309 4120 sim,

745 4167 853 4205 non
892 4167 1070 4204 meum
1110 4151 1283 4204 solius
1314 4150 1576 4203 auxilium
1610 4156 1694 4203 est
1731 4157 1825 4201 aut
1860 4149 2185 4211 consolatio,
2216 4148 2310 4202 sed

743 4244 1025 4313 aequaliter
1067 4243 1229 4295 etiam
1272 4249 1326 4294 et
1366 4248 1634 4294 vestrum.
1696 4238 1967 4307 Adjuvate
2016 4239 2182 4308 igitur
2218 4238 2313 4295 de-

747 4338 1080 4405 precatione,
1117 4335 1323 4405 gratias
1354 4333 1497 4401 agite
1532 4341 1792 4400 tanquam
1825 4332 1877 4384 id
1917 4347 2014 4400 pro
2043 4334 2198 4388 vobis
2236 4332 2307 4385 l'a-

741 4429 975 4479 cientes.
1004 4425 1117 4478 Mca
1147 4425 1293 4477 enim
1327 4422 1630 4479 consolatio
1656 4437 1721 4476 ac
1757 4423 1906 4477 salus
1934 4424 2097 4477 etiam
2130 4432 2312 4477 vestra

2422 3238 2518 3289 σὺν
2546 3235 2715 3304 αὐτῷ,
2744 3239 2792 3288 εἰ
2820 3235 2895 3305 μὴ
2921 3236 3016 3287 καὶ
3037 3235 3126 3287 διὰ
3155 3234 3365 3287 πολλῶν
3397 3234 3835 3305 εὐχαριστήσωσι
3872 3239 4005 3303 τρὸ-

2421 3344 2558 3389 πων,
2592 3322 2734 3389 εἶτα,
2790 3344 2811 3378 ι
2851 3327 2991 3396 ὑπὲρ
3034 3327 3207 3394 ὐμῶν,
3238 3344 3257 3378 ι
3296 3326 3480 3396 φησίν.
3513 3328 3712 3379 -Καὶ
3760 3326 3996 3390 ἄλλως,

2421 3414 2619 3487 [cur
2640 3415 2922 3478 Τουτέστι,
2955 3415 3095 3483 Τίδή
3116 3431 3245 3467 ποτε
3272 3417 3792 3484 συνυπουργήσομέν
3820 3432 3902 3467 σοι
3930 3420 4000 3483 τῇ

2417 3510 2597 3578 δεήσει
2622 3523 2637 3573 ;
2672 3508 2724 3559 τί
2742 3509 2802 3578 δή
2826 3524 2953 3559 ποτε
2978 3507 3449 3576 εὐχαριστήσομεν
3472 3506 3629 3571 ;”οτι
3648 3506 3708 3557 τὸ
3728 3505 4003 3575 ῥυσθῆναί

2421 3619 2485 3670 με
2518 3602 2611 3653 καὶ
2653 3600 2733 3652 ἔτι
2765 3599 2989 3669 ῥύεσθαι
3048 3617 3145 3669 με,
3181 3601 3365 3666 φησὶν,
3404 3600 3505 3652 οὐκ
3546 3598 3663 3651 ἐστι
3694 3599 3857 3667 μόνον
3891 3601 4004 3667 ἐμὴ

2419 3693 2640 3761 βοήθεια
2667 3696 2761 3745 καὶ
2791 3692 3163 3761 παράκλησις,
3208 3691 3323 3744 ἀλλ’
3356 3692 3512 3744 οὐδὲν
3548 3688 3709 3762 ἦττον
3741 3694 3838 3743 καὶ
3866 3692 4007 3759 ὑμε-

2414 3784 2567 3851 τέρα.
2598 3784 3093 3851 Συνυπουργήσατε
3124 3783 3303 3833 τοίνυν
3334 3785 3399 3851 τῇ
3431 3782 3641 3851 δεήσει,
3670 3783 4005 3852 εὐχαριστή-

2416 3892 2567 3937 σατε,
2595 3875 2669 3937 ώς
2698 3875 2838 3945 ὑπὲρ
2874 3874 3027 3943 ὐμῶν
3061 3874 3236 3926 ταῦτα
3276 3874 3575 3936 ποιοῦντες.
3638 3874 3699 3927 Ἠ
3723 3876 3834 3944 γάρ
3890 3878 4004 3944 ἐμὴ

2412 3968 2763 4036 παράκλησις
2794 3968 2889 4018 καὶ
2930 3966 3196 4035 σωτηρία,
3255 3966 3495 4035 ὑμετέρα
3531 3967 3668 4020 ἐστί.
3702 3968 3814 4019 Καὶ
3840 3968 4005 4020 τοῦτο

2410 4057 2529 4125 οὐχὶ
2570 4056 2687 4118 νῦν,
2740 4056 2895 4124 φησὶ,
2942 4056 3088 4123 λέγω
3144 4056 3450 4124 παραινῶν,
3516 4056 3651 4109 ἀλλὰ
3709 4060 3806 4110 καὶ
3870 4077 4007 4111 καυ-

2415 4149 2596 4217 χῶμαι
2620 4148 2704 4200 ἀεὶ
2745 4148 2801 4200 ὲν
2824 4147 3019 4215 τούτῳ,
3046 4147 3127 4199 ὅτι
3154 4146 3329 4208 οὕτως
3368 4147 3643 4200 διάκεισθε
3673 4150 3834 4215 ὑμεῖς
3866 4149 4007 4217 πρὸς

2414 4240 2534 4307 ἐμὲ,
2560 4239 2632 4300 ὡς
2667 4239 2765 4307 τὴν
2796 4239 2935 4306 ὲμὴν
2968 4237 3245 4307 σωτηρίαν
3272 4240 3364 4291 καὶ
3415 4239 3763 4309 παράκλησιν
3795 4241 4006 4308 ὑμετέ-

2420 4345 2519 4398 ραν
2553 4328 2827 4397 ἡγεῖσθαι.
2882 4328 2945 4380 Ἦ
2977 4332 3085 4398 γάρ
3118 4329 3389 4397 καύχησις
3430 4330 3606 4399 ἡμῶν.
3640 4333 3826 4399 φησὶν,
3860 4331 4003 4400 αὕτη

2418 4423 2557 4485 ἐστὶ,
2590 4424 2649 4475 τὸ
2679 4422 2853 4484 οὕτως
2877 4422 3185 4475 διακεῖσθαι
3216 4423 3360 4491 ὑμᾶς
3386 4424 3521 4492 πρὸς
3553 4423 3676 4490 ἐμὲ,
3702 4427 3796 4475 καὶ
3825 4424 4006 4487 οὔτως

742 4530 845 4572 cst.
883 4517 1069 4585 Neque
1102 4517 1206 4570 hoc
1238 4529 1381 4570 nunc
1412 4514 1712 4569 admonens
1743 4516 1886 4580 dico,
1926 4532 2113 4570 verum
2148 4519 2311 4570 etiam

2420 4514 2818 4583 ὑπολαμϐάνειν
2846 4514 2944 4579 ἐμὲ
2973 4513 3294 4583 περὶύμῶν.
3330 4514 3425 4575 Τίς
3462 4531 3521 4564 σε
3574 4514 3789 4567 ἔπεισεν
3826 4515 4008 4578 οὕτως

744 4625 961 4678 semper
992 4610 1046 4661 in
1082 4608 1185 4661 hoc
1224 4607 1450 4677 glorior,
1490 4608 1638 4674 quod
1682 4608 1755 4659 ita
1800 4607 1975 4661 allecti
2023 4608 2146 4661 sitis
2186 4624 2309 4675 erga

747 4714 854 4761 nze,
884 4708 941 4752 ut
982 4714 1155 4751 meatn
1205 4699 1433 4750 salutem
1488 4712 1551 4751 ac
1596 4698 2029 4751 consolationem
2079 4707 2311 4751 vestram

748 4794 989 4847 ducatis.
1040 4791 1172 4845 Nam
1206 4791 1459 4861 gloriatio
1490 4805 1630 4853 mea,
1664 4792 1863 4861 inquit.
1899 4793 2011 4845 lucc
2040 4805 2141 4852 est,
2174 4794 2316 4861 quod

746 4901 843 4938 vos
862 4886 934 4937 ita
956 4884 1132 4937 allecti
1159 4885 1280 4939 sitis
1307 4899 1434 4953 erga
1461 4898 1569 4946 me,
1602 4894 1654 4937 et
1682 4884 1755 4937 ita
1788 4900 1870 4936 ine
1898 4900 1991 4952 pro
2036 4888 2182 4936 mltis
2204 4885 2321 4937 ex?-

746 4977 999 5030 stimetis.
1034 4975 1297 5041 Quisnam
1332 4974 1429 5028 tibi
1461 4989 1573 5027 rem
1598 4975 1670 5027 ita
1698 4990 1757 5029 se
1787 4976 1985 5027 habere
2020 4977 2316 5043 persuasit,

750 5076 807 5117 nt
854 5067 923 5118 ita
957 5065 1294 5133 gloriareris,
1337 5078 1371 5118 0
1416 5064 1617 5118 Paule?
1660 5064 2073 5128 Testimonium,
2121 5066 2315 5134 inquit,

748 5158 1098 5209 conscientiae
1131 5169 1282 5216 tuear,
1310 5170 1373 5206 ex
1410 5154 1493 5209 his
1524 5170 1644 5222 quae
1678 5156 1727 5206 in
1760 5170 1854 5208 vos
1884 5164 2139 5220 Opet‘aitts
2173 5173 2311 5209 alim.

751 5262 816 5299 ex
856 5246 1111 5301 maximis
1164 5246 1445 5301 beneﬁciis
1480 5261 1601 5314 qua:
1640 5247 1752 5299 scio
1786 5262 1870 5298 me
1907 5250 1958 5298 in
1992 5263 2085 5300 vos
2117 5256 2313 5299 contu-

755 5337 891 5397 lisse
924 5352 938 5387 :
977 5351 1044 5390 ex
1079 5351 1144 5389 eo
1178 5335 1324 5405 quod
1371 5334 1743 5389 abundantius
1776 5353 1825 5388 ιιι
1866 5336 2019 5390 vobis
2057 5352 2217 5405 quam
2259 5338 2312 5391 in

751 5430 963 5484 caeteris
996 5430 1291 5482 certamina
1329 5429 1684 5484 sustinuerim
1721 5442 1730 5475 :
1775 5429 1885 5482 haec
1923 5429 2053 5481 mihi
2092 5444 2319 5498 persua-

753 5524 886 5576 dent
915 5520 1063 5591 quod
1095 5534 1191 5574 vos
1222 5535 1438 5589 quoque
1484 5535 1658 5574 meam
1698 5521 1923 5574 salutem
1964 5536 2028 5575 ac
2065 5522 2320 5575 consola-

757 5612 985 5674 tionem,
1037 5620 1272 5665 vestram
1324 5610 1538 5663 ducatis
1593 5611 1891 5679 propriam,
1932 5619 1987 5666 et
2030 5620 2315 5679 propterea

755 5698 888 5752 illud
928 5699 1091 5753 etiam
1135 5698 1278 5753 duco
1316 5696 1726 5765 gloriationem,
1768 5706 2005 5753 vestrum
2042 5701 2189 5754 circa
2228 5714 2315 5755 me

755 5806 998 5849 amorem
1044 5792 1438 5863 ardentemque
1484 5790 1874 5847 dilectionem:
1914 5807 1978 5849 ex
2026 5792 2127 5849 hac
2172 5794 2315 5848 enim
2352 5796 2527 5851 oritur
2569 5802 2626 5849 ut
2671 5809 2787 5849 mea
2830 5809 3046 5865 quoque
3089 5793 3235 5851 salus
3275 5808 3337 5849 ac

2418 4605 2561 4674 ἔχειν
2598 4606 2690 4655 καὶ
2739 4602 3074 4673 καυχᾶσθαι,
3104 4597 3148 4655 ὦ
3179 4603 3358 4655 Παῦλε
3391 4621 3405 4669 ;
3447 4604 3520 4655 Τὸ
3562 4604 3867 4674 μαρτύριον
3904 4610 4005 4674 τῆς

2421 4695 2777 4763 συνειδήσεώς
2810 4712 2932 4764 μου,
2978 4712 3140 4764 φησιν
3162 4711 3174 4723 ·
3208 4695 3268 4760 ἐξ
3299 4688 3373 4748 ὧν
3424 4694 3659 4765 ἔπραξα.
3707 4698 3900 4766 φησὶν,
3923 4701 4006 4759 εἰς

2421 4789 2585 4855 ὐειᾶς,
2618 4786 2679 4851 ἐξ
2700 4780 2773 4839 ὧν
2799 4786 3013 4838 σύνοιδα
3044 4787 3407 4856 εὐεργετήσας
3428 4788 3495 4839 τά
3530 4788 3784 4855 μέγιστα,
3836 4790 3897 4855 ἐξ
3928 4784 4005 4841 ὢν

2433 4881 2824 4951 περισσοτέρως
2852 4878 2959 4930 τῶν
2985 4878 3161 4932 ἄλλων
3195 4881 3252 4931 ἐν
3293 4880 3422 4947 ὑμῖν
3451 4880 3834 4949 ἠγωνισάμην·
3872 4884 4006 4935 ταῦ-

2425 4970 2492 5021 τά
2547 4985 2613 5038 με
2657 4969 2837 5021 πείθει
2861 4971 3003 5021 νοεῖν
3036 4969 3164 5039 περὶ
3220 4970 3409 5039 ὑμῶν,
3445 4971 3527 5022 ὅτι
3555 4972 3647 5024 καὶ
3690 4972 3852 5040 ὑμεῖς
3904 4977 4005 5042 τὴν

2426 5061 2562 5130 ἐμὴν
2587 5061 2934 5129 παράκλησιν
2980 5062 3075 5113 καὶ
3115 5061 3388 5129 σωτηρίαν
3426 5061 3561 5113 ίδίαν
3605 5064 3851 5129 ἡγεῖσθε.
3893 5067 4005 5119 Καὶ

2422 5155 2508 5208 διὰ
2536 5154 2694 5207 τοῦτο
2723 5154 2879 5221 κάγὼ
2926 5153 3197 5223 καύχησιν
3239 5154 3371 5205 αὐτὸ
3418 5154 3700 5222 ποιοῦμαι,
3738 5157 3842 5221 τὴν
3868 5160 4005 5224 {ipso

2418 5247 2581 5313 τέραν
2598 5246 2724 5316 περὶ
2753 5246 2852 5313 ἐμὲ
2871 5245 3106 5314 στοργήν
3140 5245 3407 5312 διάπυρον
3429 5246 3727 5313 ἀγάπησιν.
3752 5247 3853 5299 Ἐἰ
3875 5250 4006 5301 ταύ-

2417 5355 2517 5405 της
2546 5339 2654 5406 γὰρ
2680 5338 2923 5391 τίκτεται
2964 5339 3060 5389 καὶ
3089 5337 3150 5388 τὸ
3178 5336 3276 5405 τὴν
3328 5331 3467 5405 ἐμὴν
3517 5336 3875 5403 παράκλησιν
3910 5340 4006 5390 καὶ

2428 5427 2703 5497 σωτηρίαν
2752 5426 2959 5480 οἰκείαν
2987 5425 3196 5478 ἑαυτῶν
3232 5426 3503 5492 ἡγεῖσθαι.
3543 5425 3604 5477 Ἦ
3638 5426 3748 5494 γάρ
3792 5428 4007 5497 καύχη-

2428 5534 2511 5579 σις
2548 5517 2704 5586 ἡμῶν
2731 5517 2871 5587 αὐτη
2914 5519 3048 5579 ἐστὶ,
3078 5516 3218 5569 κατὰ
3247 5515 3309 5567 τὸ
3342 5515 3640 5585 μαρτύριον
3668 5520 3769 5587 τῆς
3828 5536 4009 5571 συνειο

2425 5608 2633 5677 δήσεῶς
2671 5627 2793 5677 μου.
2827 5610 2958 5661 Ὅτε
2985 5610 3043 5662 δὲ
3090 5612 3121 5678 ἠ
3158 5609 3460 5677 συνείδησις
3491 5612 3779 5678 μαρτυρεῖ,
3833 5613 4007 5680 ἀναμ-

2426 5700 2641 5768 φίδολος
2673 5702 2705 5771 ὴ
2732 5700 2979 5771 ἀλήθεια.

3414 5790 3740 5855 consolatio,
3819 5801 4001 5848 vestra
