4204 6464
164 398 260 462 921

1031 397 1413 458 COMMENT.
1452 396 1533 457 IN
1576 396 1813 459 EPIST.
1858 398 1915 458 Il
1958 400 2058 458 AD
2111 398 2473 458 CORINTH.

3324 393 3431 459 922

168 507 394 577 propria
428 522 551 564 esse
583 507 839 573 ducatur,
877 507 1144 576 siquidem
1188 507 1442 576 gloriatio
1510 520 1629 561 mea
1701 507 1814 561 lucc
1852 515 1936 561 est
1970 508 2128 577 juxta
2169 507 2544 563 testimonium
2586 502 2934 561 conscientia:
2978 516 3111 557 mea
3150 518 3164 555 :
3208 505 3430 572 quando

164 608 347 656 autem
372 601 709 656 conscientia
738 600 1081 657 testiﬁcatur.
1115 600 1418 653 indubitata
1446 607 1531 654 est
1561 600 1791 654 veritas.

244 693 319 747 Ἦ
340 694 451 761 γὰρ
480 694 781 762 καύχησις
821 692 991 761 ἡμῶν
1037 692 1189 759 αὕτη
1232 691 1360 743 ἐστὶ
1383 731 1397 751 .
1432 691 1498 744 τὸ
1522 692 1745 760 μαρτύ-

1920 688 2183 750 1,1241.
2227 689 2365 743 Nam
2409 690 2657 759 gloriatio
2694 702 2878 745 nostra
2912 691 3023 747 lucc
3064 702 3143 747 est
3188 692 3429 746 testimo-

158 802 295 854 ριον
328 783 439 851 τῆς
463 784 875 849 συνειδήσεως
906 782 1095 851 ἡμῶν,
1121 784 1211 836 ὅτι
1234 783 1304 835 ἐν
1333 783 1623 847 ἁπλότητι
1645 782 1743 834 καὶ

165 878 513 943 sumpta-sla
547 876 716 937 Θεοῦ,
751 876 947 929 οὐκέτ·
967 875 1152 944 σοφίᾳ
1185 872 1466 942 σαρκικῇ,
1508 875 1645 927 ἀλλ’
1673 872 1743 924 ἐν

1852 783 1996 835 nium
2032 784 2365 837 conscientia?
2405 792 2621 835 nostrw.
2670 781 2809 851 quod
2850 798 2969 836 cum
3008 784 3349 853 simplicitate
3381 792 3432 837 et

1849 874 2155 929 sinceritate
2200 873 2315 936 Dei,
2360 888 2462 925 non
2514 887 2605 939 per
2653 873 2971 938 sapientiam
3011 874 3302 931 carnalem.
3338 872 3429 928 sed

165 968 361 1037 χάριτι
390 969 540 1022 Θεοῦ
565 968 1026 1037 ἀνεστράφημεν
1061 968 1131 1020 ἐν
1158 966 1238 1031 τῷ
1276 969 1502 1033 κόσμῳ,
1538 977 1743 1031 περισ-

1847 983 1939 1035 per
1984 966 2218 1035 gratiam
2265 966 2358 1019 Dei
2394 966 2688 1017 conversatt’
2722 964 2885 1034 599
2924 966 3091 1018 simus
3124 967 3177 1019 in
3210 965 3425 1029 mundo,

165 1064 427 1126 σοτέρως
463 1060 532 1113 δέ
581 1062 731 1128 πρὸς
768 1059 949 1129 ὑμᾶς.
986 1060 1069 1113 Οὐ
1102 1057 1213 1127 γὰρ
1237 1058 1397 1111 ἄλλα
1441 1056 1748 1126 γράφομεν

164 1150 331 1216 ὑμῖν,
354 1150 492 1203 ἀλλ’
530 1150 568 1218 ἤ
592 1148 629 1201 ἀ
653 1146 1115 1215 ἀναγινώσκετε,
1150 1143 1405 1205 Ἐλπίζω
1423 1144 1491 1197 δὲ
1525 1144 1613 1197 ὅτι
1645 1142 1745 1195 καὶ

104 1272 107 1275 -
163 1242 281 1306 ἕως
345 1241 563 1305 τέλους
631 1239 1041 1308 ἐπιγνώσεσθε
1095 1238 1293 1300 καθὼς
1319 1237 1414 1290 καί
1450 1236 1747 1305 ἐπέγνωτε

162 1330 323 1400 ἡμᾶς
360 1331 478 1385 ἀπὸ
493 1329 735 1399 μέρους,
777 1329 865 1383 ὅτι
900 1330 1181 1396 καύχημα
1214 1326 1381 1395 ὑμῶν
1403 1328 1609 1390 ἐσμεν,
1645 1342 1748 1378 κα-

164 1424 363 1491 θάπερ
403 1424 511 1477 :zal
545 1423 712 1493 ὑμεῖς
737 1422 929 1493 ήμῶν,
957 1423 1026 1475 ἐν
1053 1421 1128 1489 τῇ
1161 1422 1351 1489 ἡμέρᾳ
1394 1419 1501 1473 τοῦ
1529 1418 1748 1487 Κυρίου

162 1514 391 1581 Ἰησοῦ.

245 1607 469 1675 Ἐπειδὴ
509 1602 664 1659 εἴπεν
699 1608 813 1661 ἀνω
840 1607 927 1659 διὰ
972 1606 1083 1659 τῶν
1132 1605 1438 1674 οἰκτιρμῶν
1460 1604 1556 1657 τοῦ
1609 1603 1745 1657 Θεοῦ

159 1693 448 1761 ὴλεῆσθαι,
476 1694 565 1748 ἵνα
599 1698 673 1765 μὴ
703 1695 878 1767 ταύτῃ
906 1694 1000 1748 τὸν
1047 1695 1328 1765 ἀκροατὴν
1367 1694 1745 1765 ῥᾳθυμότερον

162 1786 394 1855 ποιήσῃ,
442 1787 591 1852 λέγει
631 1786 741 1838 δεῖν
774 1785 988 1837 οἴκοθεν
1037 1786 1182 1854 ἔχειν
1208 1785 1308 1857 τῆς
1340 1786 1617 1855 σωτηρίας
1646 1784 1744 1842 τὰς

161 1876 443 1946 ἀφορμὰς.
490 1876 598 1929 ἀπὸ
650 1877 951 1937 συνειδότος
999 1876 1262 1947 χρηστοῦ.
1326 1876 1399 1927 Τὸ
1445 1874 1744 1945 μαρτύριον

159 1970 295 2039 γὰρ,
320 1968 476 2038 φησὶ,
506 1969 606 2038 τῆς
655 1969 1018 2037 συνειδήσεως
1076 1968 1255 2038 ἡμῶν,
1298 1966 1375 2029 ὡς
1412 1968 1459 2019 εί
1530 1966 1741 2032 ἔλεγεν·

161 2061 237 2112 Τὸ
273 2060 516 2121 συνειδὸς
563 2060 721 2129 ἡμῶν
772 2058 1086 2130 μαρτυροῦν
1120 2061 1253 2129 ἡμῖν
1283 2058 1487 2124 ἀγαθὰ,
1520 2059 1613 2109 καὶ
1662 2058 1744 2109 ὅτι

160 2153 220 2204 ἐν
252 2150 524 2220 ἁπλότητι
550 2151 982 2221 ἀνεστράφημεν
1030 2153 1090 2203 ἐν
1122 2150 1199 2219 τῷ
1229 2150 1441 2219 κόσμῳ,
1477 2148 1746 2218 μεγίστην

157 2241 569 2311 παρακλήσεως
596 2242 867 2311 πρόφασιν
904 2241 1135 2293 δέδωκεν
1168 2242 1324 2310 ἡμῖν,
1360 2241 1559 2310 μᾶλλον
1586 2239 1643 2292 δέ
1679 2239 1741 2291 οὐ

158 2335 569 2405 παρακλήσεως
622 2334 805 2402 μόνον.
850 2332 987 2386 ἀλλά
1017 2340 1114 2386 καὶ
1163 2333 1509 2401 καυχήσεως.
1565 2350 1583 2383 ι
1613 2332 1739 2383 Ὀτι
1774 2314 1812 2367 Β

158 2428 218 2479 ἐν
249 2426 536 2492 ἁπλότητι.
558 2442 577 2476 s
620 2425 785 2476 Ἀνευ
808 2423 988 2486 δόλου,
1035 2423 1164 2476 ἄνευ
1195 2420 1540 2491 ὑποκρίσεώς
1595 2437 1741 2483 τινος

158 2520 257 2573 καὶ
286 2517 766 2588 ἐπικαλύμματος.
797 2534 817 2567 ι
851 2517 966 2569 Οὐκ
983 2518 1041 2568 ἐν
1072 2515 1234 2585 σοφίᾳ
1283 2516 1544 2583 σαρκικῇ.
1577 2531 1595 2565 ι
1628 2513 1742 2566 Οὐκ

159 2615 219 2665 ἐν
283 2612 553 2680 δεινότητι
595 2610 688 2664 καὶ
738 2611 945 2680 στροφῇ
1014 2608 1187 2675 λόγων
1238 2605 1609 2677 συσκιαζούσῃ
1641 2604 1741 2674 τὴν

157 2704 423 2772 ἀλήθειαν
454 2702 896 2772 ἀνεστράφημεν.
927 2701 1068 2771 Ὅρα
1096 2700 1174 2761 δέ,
1202 2700 1285 2767 ἐφ’
1309 2692 1389 2760 οἷς
1423 2700 1567 2765 μέγα
1586 2698 1744 2767 ἐφρό-

158 2816 289 2853 νουν
319 2799 369 2851 οι
398 2795 850 2865 ψευδαπόστολοι,
892 2793 1064 2846 ταῦτα
1087 2792 1249 2854 αὐτὸς
1284 2790 1605 2845 ἀποσείεται
1649 2788 1743 2841 καὶ

160 2890 381 2959 φεύγει.
423 2908 442 2940 ι
481 2888 621 2941 Ἀλλ’
649 2891 706 2939 ἐν
739 2886 921 2957 χάριτι
946 2884 1105 2945 Θεοῦ,
1133 2902 1151 2935 ι
1188 2883 1460 2943 τουτέστι,
1494 2880 1743 2950 σημείοις

157 3000 218 3036 τε
253 2984 351 3035 καὶ
394 2982 637 3049 τέρασιν,
661 2978 819 3032 ἅτινα
847 2977 1164 3046 χαρίσματα
1201 2970 1269 3046 ἦν
1303 2974 1460 3027 Θεοῦ.
1499 2992 1517 3024 ι
1547 2974 1743 3041 Περισ-

159 3075 398 3144 σοτέρως
437 3073 493 3125 δέ
534 3072 670 3141 πρὸς
703 3070 868 3141 ὑμᾶς.
913 3087 932 3120 ι
958 3068 1121 3133 Πῶς;
1154 3068 1236 3121 ὅτι
1289 3066 1426 3134 μετά
1475 3065 1585 3116 τῶν
1643 3080 1742 3134 ση-

162 3167 335 3238 μείων
368 3165 452 3217 ετι
491 3165 582 3216 καὶ
611 3163 888 3215 ἀδάπανον
915 3162 1046 3229 παρ’
1082 3160 1265 3220 αὐτοῖς
1313 3158 1371 3210 τὸ
1408 3156 1740 3223 Εὑαγγέλιον

159 3257 420 3328 ἐκήρυξε.
453 3255 563 3309 Καὶ
586 3255 683 3323 ὅρα
708 3255 843 3324 ὅπερ
869 3248 937 3321 ἦν
983 3250 1149 3304 αὐτοῦ
1198 3248 1553 3319 κατόρθωμα,
1583 3244 1741 3300 τοῦτο

155 3352 223 3417 τῇ
254 3349 442 3417 χάριτι
487 3345 579 3398 τοῦ
602 3344 738 3397 Θεοῦ
772 3342 1112 3410 ἀνατίθησιν.
1154 3358 1173 3391 ι
1211 3341 1284 3394 Οὐ
1316 3340 1425 3409 γὰρ
1449 3338 1581 3391 ἄλλα
1605 3338 1742 3405 γρά-

159 3456 337 3510 φομεν
378 3438 527 3508 ὑμῖν.
573 3455 593 3490 s
624 3436 844 3504 Ἐπειδὴ
876 3435 1019 3504 μέγα
1054 3432 1356 3501 ἐφθέγξατο
1393 3432 1517 3497 περὶ
1542 3428 1737 3482 ἑαυτοῦ

156 3533 220 3586 τὸ
241 3531 517 3584 ἀδάπανον
549 3527 788 3597 κηρύξαι
820 3527 882 3579 τὸ
931 3523 1409 3608 Εὑαγγέλιον,,ῖνα
1442 3523 1512 3591 μή
1538 3538 1620 3583 τις
1648 3537 1736 3572 νο·-

164 3624 301 3695 μίσῃ
334 3622 547 3691 κόμπον
598 3619 740 3673 αὑτά
788 3619 1055 3689 ῥημάτων
1076 3610 1236 3679 εἶναι,
1290 3614 1594 3684 χηρεύοντα
1629 3612 1737 3664 τῶν
1765 3658 1806 3715 c

158 3714 363 3784 ἔργων,
400 3710 596 3771 αὐτοὺς
621 3708 716 3762 τοῦ
735 3706 909 3775 ἀληθῆ
940 3707 1122 3773 λέγειν
1156 3706 1394 3774 παράγει
1425 3703 1732 3773 μάρτυρας.

157 3805 236 3858 Οὐ
307 3804 417 3870 γὰρ
470 3799 607 3853 ἄλλα
662 3798 977 3868 ἐγράφομεν
1046 3797 1213 3864 ὑμῖν,
1275 3793 1565 3855 τουτέστι,
1612 3791 1737 3855 ξένα

157 3897 255 3950 καὶ
293 3893 551 3961 ἀλλότρια
608 3890 765 3960 ἡμῶν
802 3888 1209 3960 (ἐγεγραφήκει
1270 3886 1379 3953 γὰρ
1449 3884 1734 3953 πρότερον,

158 3988 233 4049 ὡς
264 3986 539 4040 ἀδάπανον
588 3978 817 4050 ἐκήρυξε
846 3980 907 4032 τὸ
962 3976 1294 4045 Εὐαγγέλιον
1326 3974 1454 4043 παρ’
1496 3975 1733 4043 αὑτοῖς)·

157 4077 277 4129 ἀλλ’
334 4075 518 4126 ἐκεῖνα
573 4072 725 4141 ὑμῖν,
769 4071 955 4140 φησὶν,
1018 4068 1353 4137 ἐγράφομεν,
1410 4063 1738 4132 ᾶάναγινώ-

164 4184 352 4228 σκετε.
390 4166 694 4227 τουτέστιν,
760 4161 796 4216 ἀ
855 4159 1362 4231 ὑπομιμνήσκεσθε,
1417 4154 1558 4210 εἶναι
1610 4154 1737 4225 παρ’

159 4261 314 4328 ἡμῖν.
379 4257 711 4323 ’Δνὰγνωσις
764 4254 869 4324 γάρ
925 4256 1071 4305 ἐστιν
1106 4252 1139 4321 ἡ
1174 4251 1500 4320 ὑπόμνησις,
1554 4249 1647 4301 καὶ
1704 4248 1737 4316 ὴ

160 4351 373 4406 ἄνωθεν
400 4348 622 4415 γνῶσις.
659 4346 767 4399 Καὶ
801 4345 853 4398 τί
892 4344 1055 4411 λέγω,
1117 4343 1300 4413 φησὶν.
1334 4342 1493 4395 ἅτινα
1538 4342 1739 4407 ὑπομι-

163 4439 506 4511 μνήσκεσθες
539 4437 695 4491 ἅτινα
748 4436 844 4505 μὲν
872 4431 964 4488 οὖν
988 4434 1383 4502 ἐπιγινώσκετε
1412 4429 1548 4485 εἶναι
1577 4430 1736 4499 ἡμῶν

160 4534 291 4596 ἴδια,
356 4531 492 4600 μήτε
537 4527 959 4598 ὑπομνησθῆναι
1000 4526 1244 4595 δεόμενοι
1285 4525 1373 4579 διά
1432 4526 1492 4577 τὸ
1534 4524 1738 4597 πρόδη-

160 4627 252 4680 λον
283 4623 488 4685 αὐτῶν,
524 4621 661 4675 ἀλλά
701 4619 946 4690 ἀκριϐῶς
980 4619 1182 4681 ειδότες
1227 4619 1323 4671 καὶ
1352 4619 1457 4689 πρὸ
1492 4620 1739 4691 ὑπομνή-

162 4734 323 4780 σεως.
363 4734 382 4767 ‹
418 4712 655 4777 Ἐλπίζω
674 4712 749 4767 δέ.
771 4731 790 4764 ι
824 4712 985 4781 Ὁρᾷς
1010 4713 1093 4764 ὄτι
1121 4712 1274 4764 οὐδὲν
1300 4712 1609 4781 ἐπηρμένον
1641 4714 1738 4765 λα-

160 4808 258 4872 λεῖ,
288 4806 427 4860 ἀλλά
452 4804 531 4874 τῷ
579 4803 698 4872 Θεῷ
737 4803 1023 4872 ἀνατίθησι
1064 4804 1125 4855 τὸ
1158 4804 1294 4868 trav;
1318 4803 1557 4867 Ἐλπίζω
1593 4804 1734 4876 γὰρ,

163 4899 353 4966 φησιν,
386 4897 466 4957 είς
500 4895 593 4947 τὸν
627 4894 782 4959 Θεὸν,
812 4895 893 4946 ὅτι
926 4894 1021 4945 καὶ
1052 4894 1155 4955 ἓως
1192 4894 1380 4957 τέλους
1438 4895 1739 4961 ἐπιγνώσε-

1844 1059 2207 1115 abundantius
2247 1071 2417 1112 autem
2460 1074 2585 1127 erga
2624 1073 2734 1112 vos.
2765 1056 2885 1110 Non
2936 1058 3075 1111 enim
3106 1058 3215 1111 alia
3256 1059 3429 1111 scribo

1842 1151 1984 1204 vobis
2019 1168 2177 1221 quam
2208 1166 2324 1221 qui:
2364 1151 2533 1219 legitis
2566 1159 2657 1203 aut
2686 1150 2849 1203 etiam
2883 1152 3226 1220 cognoscitis.
3265 1152 3428 1217 Spero

1845 1250 2017 1293 autem
2048 1241 2187 1311 quod
2214 1257 2376 1309 usque
2403 1240 2470 1293 ad
2497 1241 2652 1308 ﬁnem
2682 1256 2886 1310 quoque
2909 1241 3223 1307 cognoscitis
3247 1256 3429 1309 quem-

1847 1330 2133 1385 admodum
2166 1342 2215 1386 et
2240 1332 2555 1401 cognovistis
2592 1348 2683 1383 nos
2723 1346 2788 1383 ea:
2833 1341 2985 1399 parte
3014 1346 3031 1383 :
3060 1333 3197 1400 quod
3227 1330 3429 1400 gloria-

1845 1425 1920 1476 tio
1954 1435 2128 1478 vestra
2156 1426 2345 1491 simus,
2370 1422 2815 1494 quemadmodum
2853 1432 2901 1476 et
2937 1438 3026 1476 tos
3056 1431 3235 1475 nostra
3264 1422 3319 1474 iit
3341 1422 3429 1475 die

1844 1515 2086 1571 Domini.

1919 1604 2058 1671 Quia
2099 1604 2356 1673 superius
2390 1605 2600 1658 dixerat
2644 1619 2739 1672 pcr
2784 1603 2876 1657 Dei
2926 1602 3329 1657 misericordias
3369 1616 3429 1657 se

1845 1697 2105 1766 adeptum
2140 1696 2312 1751 fuisse
2339 1694 2798 1756 misericordiam,
2826 1709 2901 1748 ne
2920 1693 3021 1748 hoc
3043 1694 3189 1747 dicto
3213 1692 3429 1747 audito-

1843 1804 1960 1842 rem
2005 1790 2194 1842 reddat
2237 1789 2573 1856 segniOrem,
2618 1789 2694 1841 ait
2743 1804 2773 1841 a
2818 1788 3001 1856 seipso
3032 1795 3293 1856 oportere
3328 1785 3427 1838 ita-

1847 1884 1975 1937 bere
2002 1881 2198 1936 salutis
2237 1881 2559 1935 occasiones
2609 1896 2673 1932 ex
2716 1880 2858 1933 bona
2889 1877 3240 1933 conscientia.
3269 1878 3345 1930 Ac
3374 1878 3419 1931 si

1842 1976 2049 2030 diceret
2082 1992 2096 2028 :
2134 1973 2488 2028 Conscientia
2523 1980 2707 2026 nostra
2748 1988 2869 2041 qua:
2906 1970 3066 2025 nobis
3101 1971 3240 2024 bona
3272 1969 3422 2025 testi-

1845 2067 2064 2125 ﬁcatur.
2092 2074 2144 2119 et
2169 2066 2315 2137 quod
2348 2068 2400 2119 in
2433 2064 2782 2134 simplicitate
2813 2065 3118 2117 couversati
3158 2062 3330 2116 simus
3366 2062 3418 2114 in

1846 2159 2074 2227 tuuudo,
2121 2161 2415 2213 maximam
2450 2157 2847 2212 consolationis
2887 2156 3233 2210 occasionem
3279 2154 3429 2209 dedit

1845 2254 2004 2308 nobis
2038 2272 2050 2307 :
2081 2252 2258 2318 magis
2289 2261 2469 2305 autem
2516 2265 2625 2304 nou
2662 2248 3058 2303 consolationis
3093 2247 3291 2307 solum,
3329 2245 3425 2300 sed

1843 2353 1895 2399 et
1949 2344 2309 2413 gloriationis.
2365 2362 2383 2395 ι
2426 2342 2581 2408 Quod
2635 2356 2758 2395 cum
2816 2340 3184 2408 simplicitate.
3226 2358 3243 2391 ι
3294 2336 3427 2392 Siue

1843 2435 1988 2496 dolo.
2036 2435 2156 2489 sine
2202 2434 2423 2488 ﬁctione
2473 2442 2569 2487 aut
2611 2433 2951 2500 operimento
3002 2430 3204 2497 aliquo.
3254 2448 3273 2481 ι
3309 2428 3424 2481 Νυη

1844 2540 1940 2595 per
1979 2525 2305 2594 sapientiam
2351 2522 2649 2577 carnalem.
2690 2540 2708 2572 ι
2764 2519 2881 2574 Νοη
2937 2536 3032 2590 per
3074 2519 3425 2574 calliditatem

1844 2631 1906 2669 ac
1939 2616 2237 2669 versutiam
2277 2614 2595 2675 verborum,
2629 2625 2749 2680 qua!
2779 2610 3073 2665 obumbrat
3116 2610 3425 2675 veritatem,

1843 2704 2158 2759 conversati
2195 2721 2409 2759 sumus.
2446 2703 2748 2757 Considera
2783 2716 2914 2755 vero
2944 2700 3088 2770 quod
3118 2716 3179 2755 ea
3213 2701 3427 2769 rejiciat

1844 2812 1906 2852 ac
1961 2795 2153 2867 fugiat,
2199 2799 2253 2850 iu
2300 2796 2502 2865 quibus
2559 2796 2942 2866 gloriabantur
2989 2792 3430 2864 pseudapostoli.

1851 2910 1869 2942 ι
1904 2889 2009 2942 Sed
2040 2904 2136 2959 per
2160 2888 2391 2953 gratiam
2428 2887 2544 2941 Dei.
2579 2906 2597 2937 ι
2635 2886 2749 2941 Hoc
2778 2898 2861 2940 est
2895 2886 3051 2953 signa
3083 2900 3145 2938 ac
3181 2884 3423 2955 prodigia

1843 2994 1961 3049 quae
1983 2979 2071 3033 Dei
2092 2959 2246 3031 dona
2266 2986 2445 3032 erant.
2478 2977 2894 3030 «Abundantius
2914 2988 3093 3029 autem
3115 2990 3241 3042 erga
3266 2989 3417 3028 vos.s

1844 3069 2171 3137 Quomodo?
2203 3069 2342 3135 Quia
2400 3084 2524 3123 cum
2564 3068 2761 3137 signis,
2812 3080 3072 3137 praeterea
3104 3066 3268 3119 etiam
3304 3065 3424 3120 siue

1843 3171 2065 3233 sumptu
2110 3162 2464 3230 Evangelium
2506 3161 2649 3231 apud
2697 3162 2848 3231 ipsos
2890 3160 3301 3230 praedicaverat.
3357 3156 3422 3211 Et

1842 3254 1963 3308 vide
1994 3271 2007 3307 :
2045 3255 2247 3308 bonum
2286 3268 2427 3322 Opus
2457 3252 2603 3322 quod
2642 3252 2813 3319 ipsius
2843 3257 2983 3311 erat,
3018 3248 3266 3301 attribuit
3298 3262 3425 3314 gra-

1842 3345 1930 3398 tia:
1966 3342 2086 3395 Dei.
2124 3359 2142 3392 ι
2180 3339 2299 3396 Non
2345 3341 2491 3393 enim
2539 3340 2631 3393 ali'
2681 3340 2975 3393 scribimus
3011 3336 3185 3391 vobis.
3217 3355 3235 3388 ι
3273 3336 3421 3401 Quo-

1842 3437 1989 3491 niam
2032 3434 2262 3488 multum
2308 3433 2375 3487 de
2426 3432 2611 3501 seipso
2667 3432 2887 3485 locutus
2941 3441 3059 3484 erat
3109 3431 3252 3498 quod
3300 3430 3420 3484 sine

1841 3536 2061 3596 sumptu
2099 3524 2455 3593 Evangelium
2504 3524 2882 3594 pradicasset,
2933 3538 3000 3576 ne
3039 3524 3163 3591 quis
3192 3520 3307 3575 haec
3342 3520 3425 3574 fa-

1843 3627 1986 3671 stum
2018 3617 2309 3670 verborum
2342 3630 2465 3669 esse
2493 3615 2680 3679 ducat,
2705 3630 2830 3667 cum
2864 3614 3162 3667 destitutus
3189 3613 3260 3666 sit
3292 3627 3421 3681 0pc-

1841 3710 2016 3771 ribus,
2064 3709 2215 3777 ipsos
2266 3708 2317 3761 in
2373 3716 2540 3761 testes
2595 3708 2819 3761 adducit
2866 3706 3011 3773 quod
3070 3720 3198 3759 vera
3246 3705 3417 3760 dicat.

1840 3799 1959 3853 Non
2004 3801 2148 3855 enim
2204 3799 2309 3853 alia
2373 3799 2697 3867 scripsimus
2761 3798 2938 3861 vobis,
2998 3800 3099 3853 boc
3158 3808 3263 3862 est,
3324 3810 3421 3866 pe-

1842 3888 2059 3957 regrina
2110 3897 2164 3942 et
2212 3889 2390 3943 aliena
2440 3903 2469 3941 a
2521 3888 3049 3958 nobis.(scripserat
3083 3889 3227 3941 enim
3270 3890 3425 3957 prius

1840 3981 1985 4049 quod
2025 3980 2147 4034 sine
2184 3990 2403 4050 sumptu
2441 3981 2794 4050 praedicasset
2842 3980 2978 4049 ipsis
3014 3976 3420 4048 Evangelium),

1842 4072 1935 4127 sed
1994 4072 2087 4126 illa
2144 4072 2301 4127 vobis
2356 4073 2684 4141 scripsimus
2738 4088 2860 4141 qua:
2924 4073 3122 4142 legitis.
3167 4072 3269 4125 hoc
3316 4081 3421 4137 est,

1842 4164 1909 4218 de
1949 4165 2151 4233 quibus
2197 4166 2509 4233 suggeritur
2554 4165 2709 4219 vobis
2762 4165 2906 4234 quod
2965 4165 3075 4219 sint
3127 4165 3180 4217 in
3234 4165 3424 4229 nobis;

1841 4254 2002 4307 lectio
2038 4256 2184 4307 enim
2217 4263 2303 4307 est
2332 4257 2636 4323 suggestio,
2674 4264 2729 4309 et
2758 4263 2936 4308 tracta
2968 4272 3031 4309 ex
3067 4256 3425 4325 praecedenti-

1841 4343 1946 4398 bus
1977 4344 2193 4396 notitia.
2228 4344 2294 4397 Et
2325 4344 2453 4412 quid
2489 4344 2637 4406 dico,
2674 4343 2873 4413 inquit,
2905 4344 2971 4398 de
3004 4345 3206 4413 quibus
3237 4360 3424 4415 sugge-

1841 4437 1979 4487 ritur
2016 4434 2215 4489 vobis?
2259 4436 2530 4503 siquidem
2569 4451 2693 4504 qua:
2720 4434 3056 4505 cognoscitis
3098 4436 3257 4489 nobis
3298 4450 3425 4489 esse

1841 4526 2084 4596 propria.
2128 4542 2195 4580 ne
2241 4541 2381 4595 opus
2420 4527 2641 4595 quidem
2692 4526 2909 4582 habetis
2954 4534 3011 4581 ut
3057 4538 3427 4597 suggerantur

1842 4620 2018 4682 vobis,
2043 4635 2167 4673 cum
2193 4618 2482 4673 manifesta
2508 4620 2639 4683 sint,
2663 4622 2757 4673 sed
2780 4621 2945 4674 etiam
2970 4627 3096 4673 ante
3118 4619 3427 4690 suggestio-

1841 4725 1963 4763 nem
2014 4723 2207 4763 exacte
2257 4709 2436 4763 scitis.
2487 4727 2506 4761 ι
2542 4710 2717 4779 Spero
2758 4719 2963 4763 autem.
3004 4728 3022 4760 ι
3071 4708 3233 4764 Vides
3277 4709 3423 4780 quod

1841 4801 1978 4854 nihil
2032 4801 2384 4869 arrogantius
2428 4801 2707 4870 loquatur,
2749 4800 2842 4855 sed
2891 4816 3003 4854 rem
3050 4815 3267 4856 omnem
3315 4800 3428 4856 Deo

1841 4893 2335 4963 attribuat?“
2364 4891 2498 4946 Nam
2535 4908 2717 4962 spero,
2750 4893 2948 4962 inquit,
2987 4892 3041 4946 in
3075 4891 3244 4947 Deum
3278 4892 3425 4963 quod

162 4991 253 5043 σθε
282 4990 435 5059 ἡμᾶς
459 4986 734 5047 τοιούτους
763 4986 941 5050 ὄντας,
972 4984 1115 5047 οἴους
1146 4986 1204 5039 αἱ
1236 4985 1514 5039 ἐπιστολαὶ
1549 4985 1741 5057 δηλοῦ-

1844 5001 2015 5053 usque
2055 4985 2119 5037 ad
2163 4986 2323 5039 liuent
2366 5002 2588 5055 quoque
2617 4986 2964 5055 cognoscetis
2998 4999 3097 5039 nos
3129 4988 3262 5040 tales
3301 5000 3425 5041 esse

168 5098 243 5135 σι.
295 5080 407 5133 Καὶ
451 5079 559 5131 ἀπὸ
603 5077 795 5130 τούτου
824 5079 917 5130 καὶ
946 5080 973 5131 ὁ
1009 5078 1293 5147 παρελθὼν
1320 5078 1573 5148 δηλοῦται
1602 5079 1738 5149 βίος,

167 5188 186 5217 σ
218 5164 443 5228 Καθὼς,
465 5164 652 5233 φησὶν,
669 5165 778 5217 ἀπὸ
799 5165 1018 5234 μέρους,
1044 5183 1063 5216 s
1089 5159 1220 5229 οἷον,
1241 5166 1333 5218 Ἐκ
1351 5166 1549 5236 μέρους
1573 5166 1739 5235 ἐγνω-

160 5276 240 5311 τε.
272 5253 574 5323 Μετριάζει
629 5253 684 5307 δὲ
724 5254 882 5306 τοῦτο
914 5255 1087 5322 λέγων
1117 5268 1131 5285 ⁸
1156 5254 1355 5327 [ΦΩΤ.]
1392 5275 1410 5307 ι
1464 5256 1734 5321 Ἐλπίζω,

162 5349 353 5417 φησὶν,
411 5346 494 5398 ὃτι
558 5343 663 5406 ἕως
698 5344 881 5405 τέλους
940 5344 1327 5409 ἐπιγνώσεσθε.
1351 5364 1368 5396 s
1406 5345 1470 5397 Τί
1499 5364 1512 5410 ;
1545 5365 1564 5398 ι
1612 5346 1736 5399 Ὅτι

161 5438 425 5506 καύχημα
450 5434 603 5503 ὑμῶν
628 5436 812 5502 ἐσμεν.
841 5452 858 5484 s
898 5434 1031 5503 Οὐχὶ
1066 5433 1226 5502 μόνον
1280 5434 1337 5487 δέ
1381 5436 1561 5505 ἡμεῖς,
1598 5435 1735 5488 ἀλλά

161 5532 254 5581 καὶ
282 5530 445 5597 ὑμεῖς
503 5527 638 5594 ἐμοῦ
674 5526 938 5597 καύχημά
959 5528 1101 5578 ἐστε.
1151 5525 1236 5589 Ὠς
1270 5529 1379 5597 γὰρ
1427 5528 1492 5580 ἐκ
1540 5528 1740 5599 μέρους

160 5621 255 5672 νῦν
293 5618 426 5671 αὐτὸ
455 5616 612 5671 τοῦτο
643 5618 940 5685 ἐπέγνωτε,
974 5616 1145 5679 οὕτως
1176 5619 1381 5683 ἐλπίζω
1408 5620 1489 5671 ὅτι
1522 5622 1617 5672 καὶ
1652 5637 1740 5672 τε·-

160 5711 318 5773 λείως
373 5708 749 5776 ἐπιγνώσεσθε
797 5709 931 5763 αὐτὸ
977 5711 1036 5762 ἐν
1082 5710 1268 5783 ἐκείνῃ
1305 5714 1371 5782 τῇ
1393 5712 1599 5783 ἡμέρᾳ,
1650 5713 1739 5764 ὅτε

160 5805 394 5865 ἕκαστος
429 5795 504 5856 ὧν
554 5800 755 5872 ἔπραξε
816 5801 916 5875 τὴν
967 5802 1311 5873 ἀντιμισθίαν
1355 5805 1601 5876 εὑρήσει.
1651 5804 1738 5872 Ἐξ

1844 5079 2035 5148 quales
2065 5079 2379 5147 signiﬁcant
2407 5078 2692 5147 epistolae;
2729 5085 2780 5131 et
2824 5077 2893 5131 ab
2935 5079 3035 5131 hoc
3077 5078 3241 5133 etiam
3286 5093 3424 5145 prte-

1842 5173 2005 5225 terita
2036 5171 2347 5225 ostenditur
2382 5171 2511 5224 vita.
2555 5190 2573 5222 ‹
2605 5170 3099 5235 Quemadmodum,
3128 5170 3326 5237 iuqttit,
3357 5186 3423 5225 ex

1843 5270 2025 5330 parte;
2066 5282 2083 5313 ο
2128 5263 2231 5315 boc
2273 5270 2375 5323 est,
2413 5276 2478 5315 ex
2519 5272 2673 5331 parte
2696 5263 3027 5330 coguovistis
3063 5281 3076 5316 :
3107 5260 3209 5315 hoc
3242 5272 3422 5315 autem

1838 5350 2073 5404 dicendo
2108 5367 2215 5420 prae
2256 5367 2314 5405 se
2353 5350 2457 5404 fert
2492 5351 2837 5405 modestiam.
2870 5368 2889 5402 ι
2924 5352 3245 5420 Spero,.ait,
3273 5354 3418 5421 quod

1842 5459 2014 5512 usque
2039 5444 2104 5497 ad
2138 5444 2292 5497 ﬁnem
2327 5445 2689 5513 c0guoscetis.
2722 5462 2738 5492 ι
2769 5444 2947 5509 Quid?
2986 5462 3003 5494 ι
3033 5444 3188 5509 Quod
3224 5444 3424 5512 gloria-

1841 5537 1918 5588 tio
1951 5547 2128 5589 vestra
2166 5538 2358 5590 simus.
2404 5555 2422 5586 ι
2463 5535 2576 5590 Non
2619 5537 2795 5589 solum
2839 5545 3020 5589 autem
3069 5553 3188 5596 nos.
3234 5537 3328 5591 sed
3368 5544 3424 5590 et

1840 5644 1938 5682 vos
1975 5644 2191 5697 quoque
2243 5644 2360 5682 mea
2409 5628 2664 5698 gloriatio
2709 5630 2865 5683 estis.
2925 5626 3081 5681 Sicut
3126 5627 3270 5681 enim
3320 5628 3425 5684 hoc

1842 5720 2019 5789 ipsum
2067 5735 2214 5774 nunc
2267 5735 2330 5773 ex
2370 5726 2525 5787 parte
2559 5719 2920 5789 cognovistis,
2954 5718 3027 5771 ita
3077 5731 3239 5787 spero
3278 5718 3424 5787 quod

1839 5814 2003 5869 etiam
2048 5812 2146 5869 ltoc
2188 5811 2426 5884 pet‘l'cctc
2458 5810 2805 5885 cognoscetis
2847 5812 2898 5865 in
2934 5810 3027 5868 illo
3064 5808 3175 5880 die,
3203 5808 3424 5892 quando
