4192 6458
110 429 203 491 997

1001 427 1386 487 COMMENT.
1415 425 1495 486 ΙΝ
1536 426 1773 487 EPIST.
1811 428 1867 487 ll
1912 429 2013 488 AD
2051 430 2410 492 CORINTH.

3269 434 3372 501 998

107 545 173 594 Οὐ
194 541 361 608 λέγει,
386 536 524 608 Παρ’
560 536 733 607 ὑμῶν,
767 534 907 602 ἀλλ’,
944 554 960 587 ι
1011 537 1125 605 Ἐφ’
1170 537 1321 608 ὑμῖν.
1357 556 1375 589 ι
1436 539 1560 591 ‘Ert‘t
1617 541 1670 608 τῇ

1792 539 1980 594 reddat
2015 540 2123 593 illis
2152 541 2379 596 Titum?
2430 541 2531 597 llic
2572 542 2642 597 ad
2669 556 2765 597 eos
2800 543 3002 600 missus
3036 544 3213 603 fuerat
3242 566 3366 607 cum

106 633 246 703 ὑμῶν
294 632 426 701 γὰρ,
462 632 617 701 φησὶ,
655 630 926 701 μεταϐολῇ
959 629 1057 702 τὴν
1088 631 1437 700 παράκλησιν
1498 632 1674 703 ἔσχεν.

110 744 123 773 ι
166 722 537 791 Ἀναγγέλλων
569 724 704 789 ἡμῖν
738 721 837 793 τὴν
860 720 1017 791 ὑμῶν
1048 722 1397 792 ἐπιπόθησιν.
1424 719 1555 775 Εἶτα
1585 724 1680 777 καὶ

103 812 252 883 αὐτὴν
297 811 392 882 τὴν
415 811 765 881 παράκλησιν
796 810 965 877 λέγει.
1004 830 1019 861 ι
1040 808 1292 881 Εὖφρανε
1328 809 1461 880 γὰρ,
1488 811 1676 880 φησὶν,

102 906 259 975 ἡμᾶς,
289 903 650 971 ἀναγγέλλων
681 905 815 973 ἡμῖν
866 902 963 973 τὴν
1006 902 1161 972 ὑμῶν
1192 902 1541 972 ἐπιπόθησιν,
1572 905 1674 967 ὅτι,

102 999 275 1066 φησὶν,
309 996 557 1049 ἐποθείτέ
587 1014 654 1065 με
681 997 830 1048 ἰδεῖν.
869 1011 888 1046 ι
923 996 1028 1047 Τὸν
1062 995 1216 1065 ὑμῶν
1242 995 1501 1065 ὀδυρμόν.
1528 1015 1545 1047 ι
1564 993 1678 1049 Οὐκ

100 1088 407 1158 ἐδακρύετε,
442 1090 630 1156 φησὶν,
666 1086 1072 1157 ἁλλ’ὼδύρεσθε
1099 1087 1193 1139 ἐπὶ
1250 1089 1317 1158 τῇ
1363 1088 1676 1157 ἐπιτιμήσει

102 1200 192 1249 μου
222 1184 285 1250 τῇ
314 1183 371 1232 ἐν
396 1183 461 1250 τῇ
500 1179 689 1250 πρώτῃ
719 1180 1007 1250 ἐπιστολῇ.
1042 1199 1061 1232 ι
1099 1180 1205 1233 Τὸν
1246 1179 1403 1249 ὑμῶν
1431 1181 1594 1249 ζῆλον
1650 1200 1669 1233 ›

98 1275 197 1325 (lix
237 1268 391 1323 εἶπεν
409 1271 603 1341 ὀργὴν,
639 1270 755 1324 ἀλλ’
785 1272 810 1324 5
842 1271 1004 1323 πλέον
1034 1266 1124 1341 ἦν,
1162 1270 1344 1340 ζῆλον,
1397 1270 1582 1339 φησὶν,
1616 1271 1675 1323 ὃν

95 1362 392 1432 ὠργίσθητε
414 1361 490 1431 τῷ
540 1362 969 1432 πεπορνευκότι,
1021 1364 1114 1415 καὶ
1158 1364 1271 1423 τοῖς
1322 1361 1674 1431 διασύρουσιν

94 1457 228 1523 ἡμᾶς
251 1454 735 1521 ψευδαποστόλοις.
771 1472 787 1504 ι
822 1454 990 1506 ’Ὥστε
1027 1470 1093 1523 με
1120 1452 1323 1522 μᾶλλον
1346 1451 1604 1523 χαρῆναι.
1646 1471 1665 1504 ι

95 1549 195 1599 vim
217 1546 553 1616 ἐλυπούμην,
593 1547 780 1614 φησὶν,
812 1547 900 1599 διὰ
926 1546 1028 1609 τὰς
1051 1547 1356 1617 εἰρημένας
1406 1562 1510 1615 μου
1561 1545 1672 1598 θλί-

92 1640 221 1707 ψεις.
253 1670 320 1680 -
346 1642 605 1704 Ἄλλως.
636 1638 834 1711 [ΦΩΤ.]
861 1639 1019 1701 Τίνος
1054 1639 1255 1709 μᾶλλον
1288 1638 1523 1709 χαρῆναι
1558 1656 1572 1705 ;
1601 1639 1669 1691 Ἢ

91 1736 179 1802 τῆς
207 1734 385 1802 λύπης
407 1735 607 1802 μᾶλλον
638 1736 896 1802 χαρῆναι,
921 1734 986 1804 ἧν
1019 1734 1263 1802 ὑπέστην
1297 1734 1355 1785 ὲν
1377 1735 1488 1795 τοῖς
1520 1733 1668 1803 είρηο

96 1832 261 1897 μένοις
284 1831 615 1899 πειρασμοῖς
647 1828 741 1880 καὶ
783 1828 1193 1896 στενοχωρίαις.
1238 1828 1309 1879 Ἢ
1347 1828 1447 1895 τῆς
1490 1825 1667 1893 λύπης

1783 632 1965 700 priore
2015 632 2275 702 epistola.
2320 651 2337 683 ‹
2382 632 2836 689 Consolationem
2886 650 3051 704 quam
3085 637 3175 692 ille
3209 654 3369 694 acce-

1784 724 1863 793 pit
1914 723 1981 777 de
2011 725 2188 779 vobis.
2230 744 2248 776 ι
2289 724 2407 781 Νοη
2440 726 2593 791 dicit,
2644 741 2674 779 a
2706 726 2880 798 vobis,
2914 730 3009 783 sed
3045 746 3058 782 :
3104 748 3122 782 ι
3169 729 3246 786 De
3273 747 3370 785 vo-
3459 752 3463 757 ’

1780 814 1906 882 bis;
1960 833 1979 867 ι
2014 816 2081 870 de
2106 826 2311 882 vestra,
2343 818 2544 888 inquit,
2595 822 2981 876 immutatione
3030 825 3367 879 consolatio-

1782 922 1903 961 nem
1962 907 2174 961 habuit.
2233 910 2416 963 rCum
2483 913 2838 968 annuntiaret
2906 915 3067 970 nobis
3121 926 3364 971 vestrum

1780 998 2141 1056 desiderium.
2166 1031 2238 1042 —
2267 1020 2285 1052 ι
2326 1000 2535 1059 Deinde
2592 1006 2769 1076 ipsam
2813 1022 3035 1078 quoque
3066 1010 3199 1065 dicit
3227 1026 3365 1065 con-

1781 1093 2131 1149 solationem.
2176 1112 2195 1146 ›
2259 1095 2559 1150 oblectavit
2598 1114 2719 1165 nos,
2781 1100 2982 1170 inquit,
3026 1105 3365 1158 annuntians

1780 1186 1938 1240 nobis
1973 1195 2216 1240 vestrum
2243 1187 2601 1254 desiderium,
2632 1192 2775 1260 quod
2814 1208 2898 1247 me
2920 1194 3107 1249 videre
3143 1195 3331 1251 deside
3414 1206 3417 1209 ‘

1779 1278 1995 1330 rarctis.
2024 1295 2042 1328 ι
2075 1276 2327 1333 Vestrum
2352 1280 2585 1334 luctum.
2622 1300 2639 1332 ι
2674 1281 2791 1336 Νοη
2814 1283 3133 1351 plorabatis,
3156 1288 3361 1356 inquit,

1779 1368 1873 1421 sed
1902 1383 2088 1423 amare
2124 1370 2396 1438 Iugebatis
2430 1372 2499 1425 ob
2544 1388 2720 1427 meam
2757 1373 3195 1446 objurgationent
3230 1395 3363 1446 qua:

1776 1459 1923 1515 farta
1977 1470 2060 1516 est
2108 1477 2205 1533 per
2254 1463 2495 1532 priorem
2552 1466 2859 1533 epistolam.
2904 1487 2921 1519 ι
2958 1467 3213 1523 Vestrum
3261 1488 3360 1542 pro

1777 1566 1862 1604 me
1902 1552 2131 1606 zelum.»
2171 1551 2288 1606 Non
2325 1553 2485 1620 dixit,
2522 1551 2686 1622 Iram,
2715 1558 2807 1611 sed
2838 1559 2987 1626 quod
3052 1561 3172 1630 plus
3220 1572 3357 1629 erat,

1777 1640 1963 1697 Zelum
2028 1644 2228 1713 inquit,
2280 1660 2389 1713 quo
2447 1647 2525 1699 ira
2585 1650 2802 1703 accensi
2850 1650 3037 1705 fuistis
3098 1654 3361 1709 adversus

1774 1743 2134 1791 scortatorem
2164 1746 2217 1792 et
2251 1737 2742 1808 pscudoapostolos
2769 1743 2857 1810 qui
2892 1745 3051 1799 nobis
3096 1747 3362 1801 detrahe-

1774 1828 1925 1881 bant.
1967 1846 1985 1879 ι
2023 1829 2171 1883 Adeo
2232 1839 2290 1884 ut
2335 1832 2508 1900 magis
2563 1835 2786 1901 gavisus
2832 1836 3051 1890 fuerim.
3096 1858 3113 1889 ι
3146 1837 3216 1892 Ut
3247 1856 3358 1894 non

92 1918 149 1985 ἦν
174 1918 433 1987 ὑπέστην,
462 1918 600 1969 διότι
631 1918 882 1986 ἐλύπησα
938 1917 1083 1986 ὑμᾶς
1144 1918 1201 1968 ἐν
1262 1919 1327 1986 τῇ
1386 1915 1664 1986 ἐπιστολῇ.

1774 1920 2038 1989 lugerem,
2074 1923 2275 1992 inquit,
2329 1926 2398 1978 ob
2454 1926 2633 1981 dictas
2672 1931 3233 1988 meas'aﬂlietiones.
3287 1964 3359 1974 —

92 2008 417 2077 Οξκειότερον
442 2008 498 2060 δὲ
529 2009 591 2060 τὸ
619 2008 896 2077 δεύτερον.
935 2008 1077 2077 Πρὸς
1093 2009 1253 2062 τοῦτο
1296 2008 1407 2078 γὰρ
1463 2007 1668 2078 μᾶλλον

93 2101 177 2151 κιὶ
198 2102 245 2151 οἱ
268 2101 397 2169 ἑξῆς
417 2102 754 2170 ἁρμόζουσιν
780 2101 951 2168 λόγοι.
979 2101 1216 2154 Δυνατὺν
1244 2101 1416 2153 δὲκαὶ
1442 2118 1665 2171 παναμ-

93 2195 302 2261 ιρὸτερσι.
328 2194 499 2261 Φησὶν
528 2189 641 2255 οὖν,
679 2194 761 2246 ὅτι
798 2194 831 2262 ἡ
860 2193 1006 2264 χαρὰ
1066 2193 1229 2245 πλέον
1290 2191 1590 2263 ηὗφρανεν,
1628 2194 1661 2263 ἢ

90 2287 268 2355 ﬂii-3m}
294 2288 542 2356 ἠνίασεν.
564 2283 718 2352 Εἶτα,
742 2287 823 2339 ὃτι
854 2288 915 2340 Ei
946 2288 1039 2339 καὶ
1070 2286 1316 2355 ἐλύπησα
1347 2287 1488 2357 ὑμᾶς
1516 2289 1573 2340 ἐν
1594 2290 1658 2356 τῃ

93 2382 359 2451 ἐπιστολῇ,
396 2380 581 2449 φησὶν,
614 2380 728 2432 ἀλλ’
759 2380 851 2432 οῦν
881 2383 959 2442 είς
987 2381 1276 2449 μετάνοιαν
1328 2380 1660 2449 ἐλυπήθητε,

91 2474 211 2542 ὅπερ
238 2474 352 2525 ἐστὶ
388 2475 527 2526 κατὰ
548 2473 681 2527 Θεὸν
732 2473 1071 2543 λυπηθῆναι.
1136 2473 1247 2526 Καὶ
1292 2474 1325 2543 ἡ
1378 2472 1475 2543 μὲν
1541 2472 1663 2527 καθ’

90 2565 261 2633 εἱρμὸν
291 2566 501 2617 διάνοια
544 2565 803 2635 αὖτη.Ἰ“ὰ
850 2565 907 2618 δὲ
957 2565 1185 2635 μεταξὺ,
1231 2564 1519 2636 περιδολαὶ
1567 2565 1661 2617 καὶ

90 2657 422 2724 αἰτιολογίαι,
452 2659 549 2711 καὶ
580 2658 974 2728 ἐπαναλήψεις.
1008 2658 1178 2711 Είωθε
1203 2660 1313 2729 γὰρ
1347 2660 1375 2711 ὁ
1404 2658 1544 2721 θεῖος
1567 2650 1658 2712 οὗ·

89 2764 167 2808 τος
190 2750 322 2818 ἀνὴρ
360 2750 678 2820 περιϐολαῖς
713 2751 1007 2821 περιϐολὰς
1036 2751 1321 2823 συνείρειν,
1343 2753 1436 2804 καὶ
1469 2766 1661 2820 μεστο-

90 2842 245 2890 ποιεῖν
271 2842 363 2891 τὸν
400 2840 556 2907 λόγον
576 2884 589 2905 ,
617 2842 697 2893 διὸ
724 2842 818 2893 καὶ
849 2841 1244 2909 ἐπαναλήψεως
1272 2840 1499 2893 δεῖσθαι.
1534 2836 1659 2892 Οίον

92 2932 277 2997 μεταξὺ
328 2933 785 3002 παρεμϐεϐληται
846 2935 944 3001 τῆς
995 2934 1294 3002 εἰρημένης
1345 2931 1440 2985 τοῦ
1490 2931 1659 3002 ῥητοῦ

92 3026 391 3092 συναφείας,
424 3025 503 3083 τὺ,
538 3045 556 3075 ι
598 3027 671 3077 Οὔ
708 3026 1103 3095 μεταμέλομαι.
1149 3044 1167 3075 ι

91 3105 297 3169 1ristari.
334 3117 521 3188 Itaque
547 3119 699 3187 juxta
738 3120 933 3174 litterae
973 3120 1173 3173 seriem
1218 3120 1306 3172 hic
1346 3125 1429 3173 est
1471 3115 1781 3172 intellectus
1827 3136 1840 3169 :

1692 3210 1845 3265 Solet
1873 3212 2018 3264 enim
2051 3213 2271 3267 divinus
2298 3214 2389 3267 hic
2421 3215 2503 3268 vir
2539 3216 2898 3273 circuitiones
2923 3221 3348 3277 circuitionibus

92 3218 280 3263 suntet
333 3227 625 3266 causarum
692 3211 1027 3267 redditiones
1093 3227 1157 3267 ac
1232 3212 1613 3282 repetitiones.

1767 2012 1887 2066 Alio
1916 2016 2088 2068 modo.
2122 2014 2292 2085 Cujus
2317 2019 2727 2087 comparatione
2758 2020 2890 2074 dicit
2919 2036 2978 2075 se
3004 2024 3177 2093 magis
3208 2025 3357 2095 gari-

1766 2120 1890 2159 sum
1925 2106 2143 2162 fuisse?
2172 2108 2279 2162 Aut
2308 2110 2481 2178 magis
2517 2112 2747 2181 gavisus
2775 2128 2921 2175 sum,
2954 2115 3157 2180 inquit,
3191 2131 3354 2185 quam

1761 2198 1928 2253 fuerit
1953 2199 2185 2254 tristitia
2219 2216 2384 2271 quam
2416 2204 2655 2258 sustinui
2700 2206 2755 2260 in
2795 2206 2932 2260 meis
2961 2206 3354 2263 afﬂictionibus

1768 2300 1821 2345 et
1864 2292 2137 2360 angustiis
2170 2313 2181 2346 :
2218 2303 2313 2347 aut
2337 2309 2501 2364 quam
2556 2296 2723 2352 fuerit
2752 2300 2908 2353 dolor
2938 2316 3100 2369 quem
3156 2316 3354 2370 passus

1772 2400 1893 2439 sum
1926 2400 1991 2439 eo
2014 2384 2159 2454 quod
2188 2402 2283 2442 ves
2312 2402 2547 2443 nuerore
2576 2388 2881 2446 alieeisscm
2904 2407 2999 2462 per
3017 2393 3307 2462 epistolam
3335 2414 3351 2451 :

1771 2485 1825 2530 et
1853 2475 1941 2531 hic
1972 2477 2251 2533 secundus
2281 2494 2479 2534 sensus
2526 2490 2610 2536 est
2665 2483 2841 2551 magis
2889 2486 3145 2553 proprius
3181 2504 3192 2539 :
3228 2500 3350 2539 nam

1772 2566 1840 2620 ad
1896 2567 2000 2621 hoc
2060 2579 2358 2638 sequentes
2407 2574 2582 2643 magis
2643 2574 2974 2644 adaptantur
3045 2592 3349 2633 sermones.

1774 2658 2078 2729 Utrumque
2116 2670 2297 2715 tamen
2330 2662 2582 2732 adoptari
2613 2673 2815 2734 potest.
2875 2668 2965 2720 Ait
3022 2684 3154 2739 ergo
3205 2671 3349 2739 quod

1772 2749 2039 2821 gaudium
2092 2754 2269 2823 magis
2329 2754 2505 2823 ipsum
2565 2755 2928 2811 oblectaverit
2972 2775 3135 2827 quam
3196 2761 3353 2815 dolor

1770 2842 2208 2898 contristaverit.
2281 2844 2491 2902 Deinde
2542 2849 2671 2918 quia
2726 2849 2852 2903 licet
2909 2852 3350 2908 contristaverim

1772 2948 1869 2987 vos
1911 2933 1963 2987 in
2010 2935 2267 3004 epistola,
2306 2936 2509 3003 inquit,
2564 2947 2806 2994 attamen
2862 2940 2929 2995 ad
2975 2945 3347 3004 paenitentiam

1771 3027 2085 3081 contristati
2125 3030 2258 3083 estis
2291 3046 2304 3083 :
2344 3030 2489 3099 quod
2530 3039 2613 3086 est
2644 3033 2946 3088 secundum
2993 3034 3159 3089 Deum
3218 3052 3352 3091 con-

1885 3119 2016 3183 Quae
2060 3130 2242 3174 autem
2288 3121 2343 3175 in
2386 3122 2568 3177 medio
2614 3133 2894 3194 ponuntur
2937 3128 3349 3183 circumitiones

90 3314 421 3368 connectere,
450 3317 501 3359 et
536 3306 608 3359 ita
641 3322 947 3361 sermonem
984 3307 1232 3375 implere.
1298 3306 1427 3361 Ideo
1488 3321 1709 3376 quoque
1750 3305 2073 3373 repetitione
2106 3323 2244 3376 opus
2278 3318 2383 3370 est,
2429 3309 2590 3380 651
2626 3318 2884 3383 tanquam
2919 3315 2983 3368 ad
3029 3318 3345 3385 [medic-tam

90 3400 341 3453 sermonis
406 3402 799 3455 ronnexionem
862 3400 1208 3467 interiectum
1256 3400 1325 3454 sit
1362 3399 1511 3470 quod
1572 3401 1623 3455 in
1658 3400 1837 3456 medio
1868 3406 1972 3463 est,
2013 3418 2030 3449 ι
2069 3398 2187 3452 Νοη
2220 3416 2307 3456 me
2346 3404 2601 3471 pwnitot.
2637 3423 2656 3455 ι

150 3493 273 3547 Εἶτα
298 3513 310 3524 ·
353 3516 371 3547 r
397 3497 458 3548 Ei
498 3496 588 3548 καὶ
620 3497 1020 3566 μετεμελόμην.
1075 3516 1091 3547 ι
1135 3497 1303 3550 Πάλιν
1339 3497 1531 3548 τούτου
1562 3498 1641 3549 αἰ-

1822 3495 2027 3549 Deinde
2056 3495 2208 3549 addit
2250 3514 2262 3548 :
2298 3516 2316 3547 ι
2361 3497 2539 3551 Etiam
2567 3499 2611 3551 si
2657 3501 2993 3567 pmnituerit.
3040 3523 3058 3553 ι
3091 3503 3330 3558 Rursum

90 3589 181 3638 :51.
214 3608 230 3639 ι
275 3589 474 3640 Βλέπω
498 3590 605 3657 γὰρ
632 3591 713 3641 ὅτι
754 3592 786 3656 ἡ
822 3591 1082 3659 ἐπιστολὴ
1111 3590 1317 3659 ἐκείνη.
1356 3608 1373 3641 ι
1407 3589 1655 3643 Καὶούδέ

89 3680 263 3749 ανὶτὴή
292 3682 547 3749 περίοδος
575 3681 743 3749 ἁπλῆ,
803 3681 939 3734 ἀλλὰ
1003 3672 1471 3752 περιϐεϐλημένη.
1518 3682 1655 3751 Φησὶ

90 3773 181 3843 γᾴρ
210 3790 223 3803 ο
274 3791 290 3822 ι
327 3776 389 3825 Εἰ
437 3776 531 3826 καὶ
571 3775 708 3844 πρὸς
755 3774 908 3844 ὥραν
965 3774 1241 3844 ἐλύπησεν
1272 3774 1437 3842 ὑμᾶς.
1476 3793 1494 3825 ›
1547 3777 1656 3828 Καὶ

88 3865 174 3915 οὐκ
204 3860 352 3917 εἶπεν
386 3882 401 3895 ⁸
434 3865 497 3919 ΕΞ
524 3866 615 3917 καὶ
656 3866 931 3935 ἐλύπησεν
964 3867 1131 3935 ὑμᾶς,
1166 3866 1280 3919 ἀλλ’
1315 3907 1327 3930 ,
1370 3886 1386 3917 ι
1430 3866 1655 3936 Εί,πρὸς

88 3952 239 4023 ὑραν.
270 3976 288 4006 ι
336 3957 412 4009 Τὸ
436 3957 511 4020 δὲ,
548 3976 566 4008 ι
604 3957 719 4009 Νῦν
749 3958 948 4027 χαίρω,
977 3976 994 4008 ι
1027 3957 1369 4027 ἐπανάληψίς
1393 3958 1510 4009 ἐστι
1534 3956 1651 4022 τοῦ,

96 4064 109 4095 ι
166 4048 323 4100 Ὥστε
382 4066 450 4115 με
506 4049 707 4118 μᾶλλον
764 4050 1019 4118 χαρῆναι.
1054 4068 1072 4101 ι
1144 4048 1365 4119 Ἐπειδὴ
1421 4050 1528 4119 γὰρ
1586 4050 1651 4117 τῇ

90 4140 370 4209 πυκνότητι
404 4139 515 4190 τῶν
550 4138 860 4209 περιὸολῶν
885 4138 1171 4207 ἐμέστωσε
1202 4138 1294 4190 τὸν
1325 4138 1505 4205 λόγον,
1561 4138 1654 4191 καὶ

92 4230 156 4281 si:
206 4231 477 4299 ἀσάφειαν
529 4230 950 4299 συγκλειόμενον
1016 4229 1203 4300 ἐώρα,
1254 4231 1527 4300 ἐχρήσατο
1585 4233 1650 4300 τῇ

91 4322 433 4392 ἐπαναλήψει.
490 4319 602 4376 Εἶθ’
639 4322 814 4386 οὕτως
858 4323 1109 4377 ἀπέδωκε
1164 4322 1244 4387 τὸ,
1310 4340 1328 4373 ι
1379 4322 1522 4374 Ἀλλ’
1566 4324 1646 4375 ὅτι

96 4414 388 4486 ἐλυπήθητε
418 4418 498 4477 εἰς
528 4416 837 4486 μετάνοιαν,
881 4434 898 4466 ι
932 4415 1093 4484 ὅπερ,
1142 4416 1219 4477 ὡς
1258 4414 1352 4467 καὶ
1389 4416 1649 4485 προείρη-

88 4520 182 4566 ται,
213 4510 523 4578 συνείρεται
544 4509 657 4568 τοῖς
681 4506 889 4568 ἐπάνω,
921 4501 1031 4558 οἷον
1058 4521 1071 4534 ’
1112 4524 1130 4556 ι
1172 4505 1333 4557 Ὥστε
1360 4522 1427 4574 με
1454 4505 1653 4572 μᾶλλον

90 4600 319 4668 χαρῆναι,
348 4602 432 4653 ὅτι
460 4601 509 4651 εί
535 4601 627 4652 καὶ
659 4598 906 4668 ἐλύπησα
938 4598 1083 4667 ὑμᾶς
1121 4598 1178 4649 ἐν
1204 4598 1271 4667 τῇ
1310 4596 1568 4665 ἐπιστολῇ
1593 4639 1607 4659 ,
1626 4615 1642 4644 ι

90 4692 203 4743 ἀλλὰ
232 4690 322 4744 οὖν
361 4694 447 4745 ὅτι
484 4693 566 4753 είς
597 4693 890 4761 μετάνοιαν
938 4689 1274 4758 ἐλυπήθητε.
1335 4688 1445 4742 Καὶ
1491 4686 1651 4740 τοῦτο

88 4782 134 4832 δὲ
187 4785 326 4853 ὅμως
364 4783 786 4853 περιὸἐὸληται.
829 4782 902 4833 Τὸ
952 4781 1010 4834 δέ
1069 4780 1440 4850 ἁπλούστερον
1480 4781 1645 4838 ἐστιν.

95 4876 281 4929 «Ὠστε
310 4895 377 4945 με
420 4877 679 4946 χαρῆναι,
718 4876 801 4928 ὅτι
825 4876 904 4937 είς
944 4875 1236 4944 μετάνοιαν
1279 4874 1642 4943 ἐλυπήθητε.»

91 4968 252 5021 Ταῦτα
286 4971 341 5022 δέ
395 4987 491 5040 μοι
519 4968 1095 5039 διαλελεπτολόγηται,
1143 4967 1241 5036 οὐχ
1298 4966 1380 5019 ὅτι
1436 4964 1645 5028 Παῦλος

92 5060 277 5124 τούτοις
305 5062 765 5132 ἐσεμνολόγηται,
792 5060 902 5113 οὐδ’
937 5062 1020 5114 δτι
1062 5060 1223 5131 ἡμεῖς
1254 5059 1416 5113 αὐτὸν
1453 5074 1647 5125 σεμνο-

90 5149 244 5215 λογεῖν
270 5156 483 5215 τούτοις
508 5155 778 5222 ἔγνωμεν,
808 5152 927 5205 ἀλλ’
960 5152 1311 5221 αἰσχύνοντες
1348 5152 1479 5214 τοὺς
1517 5149 1640 5216 ἔξω,

93 5242 377 5314 ἱὸιωτισμδν
434 5248 505 5314 τῇ
568 5246 868 5314 Ἐκκλησία
930 5244 1309 5308 ὀνειδίζοντας.
1354 5244 1640 5295 Δείκνυται

92 5335 182 5401 γὰρ
208 5335 290 5387 διὰ
326 5335 561 5397 τούτων,
588 5334 670 5402 ἐφ’
701 5328 746 5402 ᾧ
773 5335 999 5403 μονονοὺ
1020 5332 1318 5403 τεθηπότες
1342 5331 1432 5385 τὸν
1468 5333 1643 5385 Παια-

93 5425 190 5476 νιέει
215 5429 303 5478 καὶ
331 5428 424 5479 τὸν
466 5426 561 5479 τοῦ
610 5426 831 5497 Ὀλόρου
853 5426 1241 5497 προσκυνοῦσι,
1277 5426 1396 5488 ταῖς
1421 5422 1645 5494 περιδο-

92 5512 191 5577 λαίς
236 5518 398 5586 λέγω,
443 5517 644 5589 μακρῷ
701 5518 925 5582 τούτους
967 5517 1000 5589 ἢ
1047 5519 1247 5570 ἐκεῖνοι
1277 5516 1405 5578 τοὺς
1452 5516 1648 5579 ἄλλους

93 5607 576 5678 ἀποκρυπτόμενος.
611 5609 806 5663 Καίτοι
865 5610 975 5662 τῶν
1013 5609 1113 5679 μέν
1141 5610 1169 5661 ὀ
1201 5609 1314 5680 βίος
1356 5608 1414 5661 ἐν
1469 5607 1646 5677 τούτῳ

94 5700 158 5769 τῷ
183 5702 320 5774 πόνῳ
360 5702 688 5775 κατετρίϐη,
720 5706 747 5758 ὀ
771 5704 829 5759 δέ
858 5704 967 5757 οὐδ’
1018 5701 1289 5773 ἐμϐλέψαι
1316 5699 1527 5765 τούτοις
1560 5700 1644 5753 ὅτι

100 5790 159 5860 μὴ
204 5795 335 5847 κατὰ
391 5796 675 5866 πάρεργον
721 5796 919 5865 χρῆσιν
970 5794 1192 5862 ἠξίωσε.
1243 5793 1352 5846 Καὶ
1382 5792 1645 5863 μυριάκις

99 5880 400 5941 επιναὺτοῦ
440 5890 501 5942 ἐν
539 5891 653 5951 τοῖς
700 5887 879 5957 λόγοις
925 5886 987 5941 τὸ
1038 5884 1282 5939 τοιοῦτον
1323 5883 1643 5949 θεάσασθαι,

1760 3586 1923 3656 hujus
1946 3602 2114 3642 causa
2148 3589 2434 3657 sequitur:
2477 3607 2494 3639 ι
2533 3590 2706 3645 \‘idco
2743 3593 2889 3645 enim
2928 3594 3073 3663 quod
3101 3598 3341 3665 epistola

1760 3678 1871 3731 illa.
1913 3697 1931 3729 ι
1969 3675 2035 3730 Ει
2065 3692 2130 3731 ne
2153 3676 2267 3732 haec
2303 3678 2524 3747 quidem
2553 3682 2813 3748 periodus
2840 3686 3074 3754 simplex
3103 3696 3210 3752 est,
3242 3691 3341 3743 sed

1758 3769 1864 3822 alia
1914 3784 2136 3838 quoque
2176 3773 2526 3826 assumitur:
2582 3788 2706 3826 nam
2740 3773 2814 3828 ait
2857 3793 2869 3828 :
2916 3793 2935 3827 ι
2977 3775 3218 3834 Tametsi
3275 3782 3341 3835 ad

1759 3860 1949 3915 horam
1985 3862 2401 3917 contristaverit
2430 3879 2548 3918 vos.
2585 3882 2603 3914 ι
2640 3863 2750 3919 Nec
2791 3866 3119 3936 simpliciter
3160 3871 3337 3937 dixit;

1760 3951 2001 4007 Tametsi
2076 3954 2495 4009 contristaverit
2566 3971 2685 4019 vos,
2743 3957 2837 4011 scd
2898 3958 3130 4023 addidit,
3194 3979 3212 4013 ι
3259 3964 3338 4017 Ad

1759 4044 1971 4096 lioram.
2004 4061 2023 4093 ι
2069 4040 2226 4107 Quod
2264 4053 2445 4097 autem
2488 4044 2607 4098 ait:
2664 4063 2681 4095 ι
2722 4044 2879 4100 Nunc
2914 4048 3146 4117 gaudeo,
3184 4070 3202 4101 ι
3258 4067 3343 4105 re—

1756 4136 1948 4204 petitio
1990 4144 2075 4188 est
2116 4135 2238 4203 ejus
2287 4135 2431 4204 quod
2464 4136 2703 4201 dixerat,
2764 4155 2781 4187 ι
2832 4137 2981 4192 Adeo
3038 4150 3097 4193 ut
3165 4143 3338 4212 magis

1757 4230 1979 4298 gavisus
2016 4227 2235 4282 fuerim.
2278 4249 2297 4280 ι
2341 4227 2647 4297 Postquam
2682 4231 2828 4283 enini
2863 4230 3171 4300 frequentia
3220 4236 3332 4288 cir—

1755 4318 2060 4372 cuitionum
2086 4319 2390 4372 orationem
2440 4318 2782 4386 impleverat,
2806 4330 2859 4374 et
2887 4322 3104 4376 videbat
3151 4325 3205 4376 in
3237 4326 3338 4378 obr

1754 4408 1988 4464 curitate
2012 4410 2183 4477 ipsam
2199 4408 2481 4473 concludi,
2506 4411 2830 4479 repetitione
2854 4427 2989 4466 usus
3010 4422 3113 4468 est.
3137 4413 3338 4470 Deinde

1757 4502 1828 4555 ita
1874 4500 2342 4555 reddiditdictum
2392 4500 2548 4556 illud.
2613 4520 2630 4553 ι
2681 4501 2789 4557 Sed
2824 4504 2971 4572 quod
3019 4506 3333 4561 contristati

1756 4593 1879 4649 sitis
1929 4593 1995 4647 ad
2030 4593 2435 4663 pmnitentiam,
2504 4611 2522 4642 ι
2554 4592 2701 4662 quod
2761 4603 2821 4647 ut
2880 4594 3199 4663 praedictum
3251 4607 3336 4651 est

1754 4687 2102 4741 connectitur
2154 4684 2567 4755 superioribus,
2614 4693 2767 4754 puta,
2814 4703 2833 4737 ι
2874 4687 3025 4742 Adeo
3071 4696 3129 4741 ut
3160 4690 3335 4759 magis

1754 4780 1976 4850 gavisus
2031 4777 2250 4845 fuerim,
2295 4778 2423 4848 quia
2461 4781 2587 4833 licet
2639 4780 3082 4835 contristaverim
3140 4798 3235 4838 vos
3276 4784 3331 4838 in

1754 4870 2023 4939 epistola;
2051 4893 2072 4927 ι
2108 4877 2349 4924 attamen
2369 4871 2496 4940 quia
2515 4871 2580 4924 ad
2601 4873 2977 4938 paenitentiam
3023 4876 3334 4931 contristati

1756 4962 1917 5017 estis.
1946 4958 2148 5017 Verum
2183 4962 2285 5015 hoc
2319 4976 2537 5031 quoque
2569 4973 2918 5033 assumptum
2952 4972 3035 5019 est
3070 4972 3126 5018 et
3158 4967 3333 5021 inter-

1749 5052 1978 5122 jectum.
2019 5052 2337 5124 Simplicius
2378 5064 2463 5109 est
2506 5066 2709 5121 autem,
2748 5074 2767 5107 ς
2804 5056 2958 5111 Adeo
3001 5067 3059 5111 ut
3108 5059 3335 5128 gavisus

1756 5144 1953 5201 fuerim
2011 5148 2156 5216 quod
2199 5146 2266 5202 ad
2322 5148 2702 5217 prnnitentiam
2751 5149 3065 5204 contristati
3130 5151 3273 5205 sitis.
3307 5170 3327 5203 ι

1753 5237 1883 5293 Hec
1910 5240 1976 5293 de
1998 5240 2163 5295 rebus
2190 5240 2472 5295 minutulis
2509 5241 2770 5296 subtilius
2806 5241 3190 5304 disseruimus,
3222 5259 3330 5297 non

1753 5330 1897 5397 quod
1927 5330 2133 5385 Paulus
2158 5332 2244 5385 bis
2276 5333 2546 5401 gloriatus
2575 5333 2668 5399 sit,
2700 5346 2794 5386 aut
2831 5332 2976 5402 quod
3013 5348 3114 5387 nos
3145 5334 3326 5401 ipsum

1756 5431 1981 5491 propter
2030 5423 2145 5477 hare
2195 5433 2544 5480 ostentemus
2585 5440 2649 5479 ac
2697 5424 3062 5490 celebremus,
3128 5425 3222 5481 sed
3274 5435 3333 5480 ut

1754 5522 2017 5569 externos
2076 5522 2130 5569 et
2167 5530 2198 5569 a
2229 5517 2443 5571 nostris
2489 5516 2699 5570 alienos
2737 5514 3171 5581 confundamus,
3235 5517 3331 5586 qui

1755 5603 2039 5660 inscitiam
2075 5607 2333 5663 Ecclesia:
2364 5608 2655 5679 objiciunt.
2694 5607 2797 5662 Per
2821 5608 2935 5663 haec
2965 5610 3107 5664 enim
3145 5618 3335 5663 osten-

1754 5696 1906 5752 ditur
1929 5700 2075 5769 quod
2119 5700 2173 5753 in
2210 5700 2340 5767 hoc,
2374 5716 2437 5756 ex
2470 5714 2580 5770 quo
2612 5700 2689 5754 illi
2714 5701 3022 5756 Paanicum
3076 5715 3141 5754 ac
3178 5698 3329 5755 Olori

1758 5795 1930 5849 filium
1961 5801 2246 5862 stupentes
2280 5794 2677 5864 propemodum
2728 5794 2983 5859 adorant,
3018 5793 3071 5847 in
3123 5794 3329 5847 circui-

1766 5885 2028 5950 tionibus,
2057 5885 2303 5956 inquam,
2327 5895 2377 5940 ct
2408 5886 2639 5957 longiori
2674 5900 2891 5955 quoque
2917 5886 3015 5943 hos
3040 5884 3330 5943 intervallo
