4192 6458
725 383 857 450 tott't

1813 379 2215 441 (ECUME‘NH
2246 379 2540 441 TRICC/E
2577 377 2920 440 EPISCOPI

3847 378 3993 443 1003

717 496 784 549 nd
816 492 1269 550 admonitionem.
1305 491 1443 547 Nam
1478 504 1672 547 revera
1712 506 1855 563 aegre
1898 492 2307 563 susceptibilem

2415 509 2564 547 νεσιν
2619 484 2679 565 (ᾖ
2741 490 2851 562 γάρ
2918 486 2983 543 ἂν
3035 488 3483 559 δυσπαράδεκτον
3542 488 3846 561 εἰργάσατο
3897 494 3996 546 τὸν

717 586 983 642 offecisset
1016 600 1082 640 co
1112 584 1273 640 modo
1296 598 1627 649 sermonem,
1653 581 1751 640 sed
1782 586 1849 638 ab
1879 582 2311 639 encomiis.Vult

718 689 902 734 autem
929 679 1035 733 illis
1060 691 1279 732 movere
1310 690 1621 730 sermonem
1645 676 1712 730 de
1731 676 2096 745 eleemosyua,
2118 676 2263 730 etait
2293 693 2306 729 :

724 792 741 823 ε
784 772 965 826 Gratia
989 769 1099 822 Dei.
1138 787 1156 820 ι
1187 767 1429 823 Gratiam
1464 782 1666 823 vocans
1690 768 2050 838 eleemosynaa
2077 766 2305 823 donum.

717 861 998 932 Siquidem
1046 859 1136 914 Dei
1182 859 1387 914 donum
1423 868 1508 913 est
1546 858 1781 927 aliquem
1817 872 1941 913 esse
1988 858 2137 929 pium
2177 872 2308 927 erga

714 964 934 1023 egenos,
980 950 1441 1018 quemadmodum
1493 950 1658 1003 etiam
1709 950 1971 1004 sanitates
2028 948 2307 1018 perﬁcere,

719 1061 737 1092 ε
762 1042 891 1108 Quae
924 1040 1047 1093 data
1078 1039 1176 1093 t'uit
1212 1042 1263 1094 in
1296 1038 1557 1093 Ecclesiis
1588 1038 1937 1094 Macedoniae.
1965 1057 1983 1091 ι
2009 1038 2309 1093 Considera

712 1132 1003 1187 artiﬁcium
1062 1131 1329 1200 Apostoli.
1391 1128 1509 1183 Non
1570 1130 1710 1185 dixit
1771 1130 1974 1194 statim,
2006 1128 2137 1183 Date
2163 1132 2309 1185 elee-

712 1236 1048 1293 mosynam;
1099 1221 1192 1276 sed
1237 1236 1360 1290 qua:
1411 1222 1629 1291 egregie
1686 1220 1754 1275 ab
1798 1222 1921 1275 aliis
1974 1232 2124 1291 gesta
2182 1228 2309 1276 sunt

710 1317 861 1368 circa
897 1314 1301 1384 elcemosynam
1349 1320 1579 1377 narrat;
1633 1328 1757 1367 nam
1793 1330 1857 1369 ex
1900 1330 1965 1369 eo
2006 1315 2151 1384 quod
2188 1315 2308 1367 illos

712 1403 917 1468 laudat,
952 1405 1125 1475 magis
1152 1410 1472 1458 exhortatur
1499 1404 1601 1458 bos
1632 1406 1698 1457 ad
1735 1404 1968 1459 similem
2002 1405 2306 1457 aemulatio-
2332 1425 2351 1441 ο

647 1496 661 1508 ⁶
713 1512 859 1550 nem.
887 1515 905 1549 ι
940 1496 1290 1550 Macedoniae.
1320 1514 1337 1547 ι
1363 1493 1482 1548 Non
1515 1495 1670 1555 dixit,
1697 1495 1752 1548 In
1774 1503 1927 1563 parte
1958 1512 1972 1557 ;
2012 1495 2109 1549 sed
2137 1502 2306 1551 totam

710 1588 897 1642 laudat
931 1599 1168 1657 gentem.
1204 1588 1414 1649 dicens,
1454 1604 1471 1636 ι
1510 1585 1567 1638 1η
1591 1584 1854 1641 Ecclesiis
1890 1585 2239 1642 Macedonia.
2282 1607 2301 1638 ι

734 1710 772 1719 -
795 1699 812 1726 ι
835 1681 1105 1747 Quoniam
1140 1694 1235 1747 per
1261 1678 1489 1732 multam
1519 1680 1893 1748 probationem
1915 1678 2243 1734 anitctionis.
2282 1698 2299 1730 ι

709 1770 863 1824 Adeo
898 1769 1079 1824 :aﬂlicti
1115 1778 1264 1831 sunt,
1290 1768 1489 1838 inquit,
1526 1776 1585 1821 ut
1614 1769 1776 1823 etiam
1814 1768 2030 1837 probati
2063 1784 2127 1824 ex
2166 1771 2294 1825 tole-

2419 580 2670 653 λόγον),
2728 580 2863 635 ἀλλὰ
2902 580 3017 636 aut
3067 582 3383 652 ἐγκωμίων.
3450 581 3706 636 Βούλεται
3785 584 3842 636 δέ
3899 585 3996 637 τδν

2417 677 2547 746 περὶ
2570 672 2951 746 ἐλεημοσύνης
3015 673 3203 735 αὐτοῖς
3247 673 3471 743 κινῆσαι
3499 674 3678 742 λόγον,
3707 674 3802 727 καί
3831 691 3989 745 φησι·

2420 786 2437 819 ι
2469 765 2581 837 Τὴν
2606 768 2768 839 χάριν
2788 766 2883 820 τοῦ
2939 764 3096 832 Θεοῦ,
3126 785 3144 817 ο
3187 766 3348 837 χάριν
3381 764 3577 833 λέγων,
3614 768 3676 819 ea
3702 769 3802 837 τῆς
3832 769 3993 836 ἐλεη-

2416 855 2655 927 μοσύνης
2684 859 2951 928 χάρισμα.
3011 856 3276 926 Χάρισμα
3296 857 3406 926 γὰρ
3435 855 3569 909 Θεοῦ
3602 858 3717 909 ἐστι
3757 857 3816 911 τδ
3847 853 3993 910 εἷναί

2412 967 2536 1003 τινα
2587 951 2876 1021 ἐλεήμονα,
2930 947 3120 1018 ὥσπερ
3143 950 3206 1002 τὸ
3265 950 3437 1011 ίάσεις
3487 949 3781 1004 ἐπιτελεῖν.
3839 948 3995 1020 «Τὴν

2411 1040 2702 1111 δεδομένην
2731 1044 2851 1104 ταῖς
2900 1039 3217 1110 ἐκκλησίαις
3268 1042 3366 1110 τῆς
3408 1030 3770 1105 Μακεδονίας.
3814 1045 3996 1112 ‹”υρα

2412 1133 2470 1184 τὸ
2491 1133 2800 1202 εὐμήχανον
2829 1131 2921 1185 τοῦ
2953 1131 3301 1185 ’Δποστόλου.
3329 1132 3445 1186 Οὐκ
3472 1126 3626 1185 εἷπεν
3652 1133 3837 1195 εὐθὺς,
3860 1133 3994 1185 Δότε

2411 1223 2804 1295 ἐλεημοσύνην,
2867 1225 3004 1277 ἀλλὰ
3031 1226 3099 1278 τὰ
3150 1226 3357 1297 ἑτέροις
3426 1225 3835 1299 κατωρθωμένα
3864 1231 3995 1297 περὶ

2410 1313 2782 1385 ἐλεημοσύνης
2811 1313 3101 1382 διηγεῖται.
3147 1313 3241 1367 Ἐκ
3271 1314 3380 1384 γὰρ
3406 1312 3503 1366 τοῦ
3532 1313 3774 1377 ἐκείνους
3806 1317 3992 1383 ἐγκω-

2414 1405 2671 1475 μιάζειν,
2726 1405 2929 1475 μᾶλλον
2978 1403 3205 1469 τούτους
3253 1404 3391 1475 πρὸς
3443 1406 3536 1459 τὸν
3586 1407 3776 1475 ὅμοιον
3827 1407 3993 1476 ζῆλον

2411 1500 2735 1570 προτρέπει.
2800 1518 2817 1551 t
2840 1500 2954 1568 Τῆς
2984 1498 3347 1561 Μακεδονίας.
3372 1516 3391 1549 i
3424 1499 3537 1552 Οὐκ
3556 1494 3732 1561 εἴπεν,
3775 1500 3868 1553 Ἐν
3896 1500 3995 1566 μέ-

2412 1608 2517 1660 ρει,
2545 1592 2661 1644 ἁλλ*
2688 1592 2984 1660 ὀλόκληρον
3033 1595 3245 1645 ἐπαινει
3291 1590 3354 1643 τὸ
3384 1590 3555 1656 ἔθνος,
3591 1608 3609 1641 ι
3639 1590 3772 1652 Ταῖς
3795 1592 3999 1658 ἐκκληο

2412 1683 2555 1745 σίαις
2616 1682 2718 1750 τῆς
2755 1683 3098 1745 Μακεδονίας
3123 1722 3138 1746 ,
3169 1700 3188 1734 ι
3257 1682 3448 1736 εἰπών.
3486 1700 3506 1733 ι
3532 1683 3655 1735 Ὅτι
3710 1684 3771 1734 ἐν
3819 1682 3995 1752 πολλῇ

2409 1775 2609 1845 δοκιμῇ
2646 1773 2896 1843 θλίψεως.
2922 1793 2940 1827 ι
2981 1773 3168 1837 οὕτως
3221 1773 3533 1843 ἐθλίδησαν,
3573 1767 3758 1846 φησὶν,
3784 1776 3868 1828 δτι
3900 1776 3997 1829 καὶ

710 1864 887 1917 rantia
919 1862 1044 1915 facti
1080 1861 1213 1915 sint.
1248 1860 1436 1929 Neque
1470 1859 1520 1913 id
1557 1860 1697 1914 adeo
1728 1860 2040 1915 mirandum
2072 1870 2177 1924 εει,
2209 1863 2305 1917 sed

2414 1865 2629 1935 δόκιμοι
2687 1868 2751 1919 ἐκ
2798 1870 2897 1936 τῆς
2950 1866 3229 1935 ὑπομονῆς
3277 1867 3622 1936 γεγένηνται.
3682 1867 3794 1921 Καὶ
3834 1866 3996 1921 οὔπω

710 1954 856 2013 -;uod
903 1969 968 2007 cx
1012 1962 1159 2005 tanta
1200 1950 1497 2005 aﬂlictione
1527 1958 1738 2003 tantum
1773 1949 1826 2003 in
1874 1950 2007 2019 ipsis
2046 1951 2304 2019 gaudium

710 2044 1120 2114 germinaverit.
1176 2060 1193 2092 ι
1254 2041 1389 2095 Nam
1447 2040 1806 2103 abundantia,
1858 2040 2060 2111 inquit,
2120 2042 2303 2111 gaudii

708 2138 951 2198 illorum,
998 2155 1016 2186 ι
1069 2148 1261 2203 nempe
1307 2132 1655 2197 exuberavit,
1709 2132 1856 2200 quod
1905 2148 1970 2188 ex
2026 2136 2304 2188 communi

710 2232 983 2287 sententia
1027 2227 1392 2298 supplendum
1441 2236 1547 2282 est.
1582 2246 1599 2277 ι
1652 2228 1715 2282 Ει
1766 2226 2037 2298 profunda
2083 2228 2303 2282 illorum

708 2330 1028 2391 paupertas.
1077 2338 1095 2371 ι
1155 2320 1218 2373 Et
1282 2318 1745 2386 quemadmodum
1814 2317 2036 2371 aulictio
2098 2321 2305 2387 peperit

708 2416 990 2483 gaudium,
1046 2413 1116 2464 ita
1155 2425 1375 2480 quoque
1408 2408 1676 2478 profunda
1720 2409 1937 2463 illorum
1985 2420 2301 2479 paupertas,

711 2511 817 2561 hoc
851 2513 953 2569 cst,
995 2504 1185 2557 multa.
1224 2501 1507 2571 Siquidem
1544 2516 1572 2553 ε
1616 2504 1855 2571 propriis
1902 2500 2303 2555 contribulibus

711 2597 929 2669 spoliati
973 2604 1151 2650 erant.
1195 2611 1214 2646 ι
1256 2593 1312 2647 In
1351 2592 1573 2647 divitias
1617 2592 2008 2662 simplicitatis,
2045 2611 2064 2643 ι
2102 2592 2155 2646 id
2196 2600 2301 2656 est,

711 2689 1080 2751 abundantiae,
1134 2699 1200 2739 ac
1244 2684 1289 2739 si
1331 2685 1539 2738 diceret
1588 2700 1599 2736 :
1643 2684 1684 2737 Ο
1729 2698 1839 2737 rem
1880 2683 2299 2737 admirandam!

712 2782 1017 2851 Paupertas
1045 2794 1151 2833 non
1182 2778 1360 2832 solum
1391 2775 1833 2831 subministravit
1865 2778 2122 2843 copiosas
2159 2776 2304 2829 divi-

710 2879 842 2941 tias,
872 2888 1062 2929 vcrum
1095 2872 1258 2926 etiam
1283 2867 1628 2930 exuberavit,
1669 2883 1843 2937 neque
1872 2868 2017 2922 enim
2045 2884 2111 2923 ex
2143 2868 2304 2922 modo

712 2982 903 3023 eorum
941 2979 1063 3035 qua:
1096 2963 1320 3026 dantur,
1368 2958 1460 3013 sed
1498 2976 1563 3013 ex
1597 2960 1877 3013 voluntate
1921 2960 2167 3013 dantium
2212 2974 2305 3014 su-

716 3062 888 3115 mitur
915 3058 1181 3128 judicium
1217 3076 1231 3110 :
1268 3051 1726 3124 quemadmodum
1753 3052 1917 3107 etiam
1952 3052 2115 3107 vidua
2145 3051 2304 3121 cujus

715 3156 825 3207 duo
856 3169 960 3206 tera
993 3152 1202 3205 minuta
1243 3147 1456 3202 caneris
1488 3145 1768 3218 proposita
1802 3153 1929 3200 sunt
1950 3145 2017 3199 ⁸³.

792 3243 927 3307 γιιι,
954 3242 1068 3296 5-6.
1102 3238 1245 3293 Nam
1275 3254 1372 3307 pro
1408 3239 1631 3299 uiribus,
1680 3246 1867 3299 testor,
1898 3245 1946 3289 et
1982 3252 2143 3304 supra
2176 3238 2309 3290 vires
2338 3230 2380 3288 C

718 3336 971 3393 ultronei,
1022 3331 1190 3385 multa
1221 3347 1337 3383 cum
1374 3329 1721 3382 obtestatione
1771 3337 2023 3396 rogarunt
2068 3345 2195 3389 nus,
2250 3338 2307 3381 ut

718 3424 1070 3479 ministerium
1086 3430 1134 3474 et
1155 3420 1615 3489 participationem
1636 3419 1913 3471 ministerii
1928 3420 2308 3486 susciperentur

720 3537 771 3573 ﬂ!
804 3527 1013 3572 sanctos
1038 3531 1055 3569 :
1085 3523 1133 3568 et
1178 3529 1283 3567 non
1312 3521 1570 3582 quatenus
1602 3511 1970 3579 sperabamus.
2017 3511 2308 3581 quinetiam

718 3611 913 3678 ερίρεοε
955 3607 1232 3667 dederunt,
1286 3607 1515 3674 primum
1555 3602 1803 3665 Domino,
1847 3603 2034 3656 deinde
2078 3613 2123 3655 et
2158 3602 2306 3656 nobis

716 3717 807 3769 pc."
836 3699 1159 3753 voluntatem
1193 3695 1327 3749 Dei:
1372 3696 1447 3747 ita
1480 3705 1537 3747 ut
1572 3694 1974 3749 exltortaremur
2004 3694 2177 3745 Titum
2203 3734 2215 3755 ,
2250 3701 2307 3745 ut

717 3795 851 3845 sicut
886 3802 1041 3843 antea
1066 3795 1313 3856 ca’perat,
1345 3787 1420 3838 ita
1448 3796 1494 3839 et
1530 3794 1920 3839 consummaret
1948 3785 2082 3836 lianc
2107 3799 2308 3853 quoque

716 3900 838 3953 ergo
881 3898 967 3936 ros
1000 3881 1249 3949 gratiam.

790 4061 1029 4109 Alteslor
1045 4054 1192 4108 enim
1224 4053 1329 4107 illis
1352 4051 1495 4122 quod
1524 4065 1622 4121 pro
1648 4051 1850 4105 Viribus
1878 4068 1891 4115 ;
1932 4060 1985 4105 ct
2029 4050 2157 4120 quid
2183 4051 2307 4107 dico

723 4165 821 4219 pro
852 4147 1058 4200 \iribus
1086 4145 1109 4197 ?
1141 4145 1303 4198 etiam
1342 4160 1507 4213 supra
1541 4145 1687 4197 vires
1721 4152 1868 4196 certe
1909 4144 2141 4197 ultronei
2175 4145 2303 4197 alte-

726 4260 844 4298 rum
893 4243 944 4296 id
980 4241 1290 4296 encomium
1334 4251 1439 4294 cst.
1472 4239 1639 4310 658
1668 4238 1850 4309 Neque
1883 4241 2026 4293 enim
2079 4256 2178 4295 nos
2208 4257 2307 4295 ex-

723 4333 922 4387 liortati
962 4346 1155 4385 sumus
1200 4334 1371 4401 ipsos.
1425 4349 1443 4380 ι
1478 4331 1644 4383 Multa
1683 4346 1806 4384 cum
1858 4332 2240 4386 obtestatione.
2283 4351 2301 4383 ι

724 4426 863 4478 Ecce
893 4430 947 4477 et
992 4422 1214 4474 tertium
1248 4420 1584 4473 encomium.
1616 4418 1733 4473 Non
1764 4436 1867 4474 nos
1898 4422 2307 4476 obsecravimus

723 4518 893 4586 ipsos,
923 4513 1020 4568 sed
1052 4512 1156 4581 ipsi
1193 4526 1312 4565 nos.
1349 4510 1551 4566 Deinde
1571 4512 1851 4582 adaugens
1883 4512 2304 4567 obtestationem

720 4609 853 4661 dicit
884 4624 897 4659 :
938 4603 1219 4675 Rogaru'nt
1248 4620 1347 4659 nos
1377 4612 1434 4657 ut
1471 4605 1903 4674 susciperemus.
1936 4634 2004 4647 —
2029 4606 2214 4659 Aliud.
2247 4604 2305 4659 In

722 4702 874 4761 parte
915 4693 1019 4747 hac
1049 4692 1321 4746 sermonis
1355 4706 1447 4745 εει
1489 4695 1734 4761 quaedam
1776 4696 2037 4762 praeclara
2079 4704 2311 4750 testatur

723 4784 966 4837 facinora
999 4782 1065 4837 de
1094 4781 1448 4837 Macedoniis.
1470 4782 1710 4837 Primum
1744 4786 1961 4856 quidem
1985 4788 2126 4856 quod
2155 4789 2307 4857 juxta

724 4878 888 4930 \ires.
931 4873 1184 4945 lagnum
1228 4887 1409 4932 autem
1461 4886 1545 4932 est
1588 4879 1753 4933 etiam
1801 4890 1862 4934 ut
1914 4881 2037 4950 quis
2088 4887 2308 4949 prmstet

721 4972 1123 5038 eleemosynain
1147 4979 1419 5037 quatenus
1449 4979 1502 5022 et
1529 4982 1792 5039 quantum
1823 4980 1999 5041 potest
2028 4991 2044 5027 :
2073 4971 2166 5026 sed
2188 4986 2306 5024 ma-

723 5061 811 5129 jus
838 5067 924 5114 est
953 5057 1097 5126 quod
1127 5059 1201 5111 ait
1235 5076 1248 5111 :
1288 5076 1305 5110 ι
1342 5058 1515 5129 Supra
1552 5061 1716 5124 vires,
1753 5080 1771 5112 ι
1828 5063 1928 5115 hoc
1962 5069 2067 5128 est,
2094 5061 2304 5129 seipsos

724 5152 1022 5215 privantes.
1051 5147 1118 5202 Et
1161 5150 1381 5203 tertium
1419 5151 1564 5217 quod
1598 5153 1832 5208 ultronei
1865 5172 1877 5207 :
1920 5154 2023 5208 hoc
2050 5163 2153 5213 est,
2194 5169 2303 5207 non

725 5244 834 5295 itus
866 5256 1004 5309 Opus
1047 5238 1149 5295 fuit
1190 5243 1371 5297 aliena
1406 5242 1808 5312 admonitione,
1844 5245 1938 5299 sed
1967 5246 2070 5313 ipsi
2119 5260 2187 5297 ex
2222 5260 2305 5298 se-

726 5337 861 5402 Epsis
910 5336 1051 5403 quod
1084 5336 1284 5390 bonum
1337 5343 1421 5392 est
1473 5337 1773 5407 elegerunt.
1838 5338 2104 5404 Quartum
2158 5339 2302 5407 quod

728 5426 893 5479 multa
922 5440 1045 5477 cum
1069 5428 1612 5498 obtestatione,quod
1647 5428 1866 5483 fervidae
1900 5429 2195 5481 voluntatis
2222 5436 2305 5483 est

728 5534 787 5569 ac
822 5517 1221 5587 cleemosynatn
1258 5519 1605 5575 eﬁuodentis.
1654 5518 1839 5588 Neque
1869 5520 2013 5574 enim
2046 5526 2303 5588 tanquam

730 5610 955 5677 gratiam
992 5611 1113 5664 aliis
1164 5622 1503 5679 pt'mstantes,
1548 5614 1640 5669 sed
1684 5621 1942 5683 tanquam
1986 5611 2087 5681 ipsi
2130 5612 2306 5665 maxi-

805 5793 849 5823 δ’
882 5790 1008 5843 Luc.
1040 5806 1156 5855 ut,
1195 5792 1250 5843 ξ’..

2413 1958 2572 2010 τοῦτο
2620 1956 2951 2027 θαυμαστὸν,
3012 1957 3125 2011 ἀλλ’
3176 1958 3258 2011 δτι
3310 1957 3374 2009 ἐκ
3432 1957 3703 2026 τοσαύτης
3756 1956 3996 2027 θλίψεως

2412 2048 2647 2120 τοσαύτη
2683 2049 2828 2120 χαρὰ
2857 2049 3190 2119 ἐϐλάστησεν
3216 2050 3273 2102 ἐν
3302 2048 3506 2109 αὐτοῖς.
3545 2066 3563 2099 ι
3600 2049 3665 2100 Ἠ
3696 2049 3992 2118 περισσεία

2413 2143 2521 2212 γὰρ
2541 2144 2639 2211 τῆς
2698 2144 2870 2212 χαρᾶς
2898 2143 3101 2196 αὐτῶν.
3129 2161 3147 2193 i
3190 2142 3322 2195 Ἀπὸ
3354 2140 3536 2195 κοινοῦ
3561 2141 3642 2205 τὸ,
3667 2143 3998 2211 ἐπερίσσευ-

2415 2250 2526 2286 σεν.
2576 2234 2781 2302 (Καὶή
2814 2234 2955 2287 κατὰ
3001 2234 3202 2303 βάθους
3254 2234 3498 2303 πτωχεία
3554 2235 3754 2287 αὐτῶν.
3793 2254 3811 2285 ι
3880 2238 3995 2288 Καὶ

2416 2324 2872 2393 ὦσπερὴθλίψις
2921 2325 3097 2396 χαράν
3152 2324 3361 2387 ἔτεκεν,
3417 2324 3590 2384 οὕτως
3640 2328 3735 2378 καὶ
3770 2328 3803 2395 ἡ
3848 2328 3998 2379 κατὰ

2415 2417 2615 2487 βάθους
2645 2417 2911 2487 πτωχεία,
2953 2418 3233 2471 τουτέστιν
3261 2420 3293 2489 ἡ
3324 2417 3515 2485 πολλή.
3555 2420 3663 2472 Καὶ
3693 2418 3802 2489 γάρ
3831 2419 3996 2491 διπρ-

2414 2511 2668 2578 πάγησαν
2709 2510 2815 2562 ὑπὸ
2850 2509 2959 2562 τῶν
3013 2509 3155 2561 ἰδίων
3219 2508 3602 2577 συμφυλετῶν,
3640 2528 3657 2560 t
3686 2508 3779 2571 Et;
3821 2509 3997 2561 πλοῦ-

2411 2619 2501 2654 τον
2532 2600 2858 2671 ἁπλότητος,
2890 2620 2908 2652 ι
2963 2602 3233 2665 τουτέστι,
3264 2601 3562 2669 δαψιλείας·
3592 2603 3666 2662 ὼς
3700 2602 3747 2653 εί
3780 2601 3995 2668 ἔλεγεν·

2414 2692 2477 2743 Ὢ
2505 2690 2597 2744 τοῦ
2639 2691 2946 2760 παραδόξου
2972 2694 2985 2744 ί
3035 2692 3099 2744 Ἠ
3128 2693 3371 2760 πτωχεία
3404 2694 3484 2754 είς
3533 2691 3730 2760 δαψιλῆ
3758 2690 3997 2743 πλοῦτον

2410 2784 2470 2835 ού
2500 2783 2660 2851 μόνον
2712 2784 3084 2853 ύπούργησεν,
3115 2783 3251 2836 ἀλλὰ
3317 2786 3411 2837 καὶ
3469 2783 3887 2853 ἐπερίσσευσεν.
3918 2784 3997 2837 οὐ

2411 2876 2523 2945 γὰρ
2554 2873 2632 2944 τῷ
2666 2876 2851 2946 μέτρῳ
2882 2876 2992 2929 τῶν
3042 2876 3356 2944 διδομένων,
3396 2876 3536 2928 ἀλλὰ
3566 2878 3630 2945 τῇ
3656 2874 3855 2946 γνώμῃ
3885 2876 3999 2929 τῶν

2413 2965 2761 3035 παρεχόντων
2814 2968 3079 3035 κρίνεται.
3114 2965 3301 3027 Οὕτως
3344 2966 3438 3017 καὶ
3468 2965 3500 3033 ὴ
3536 2965 3679 3035 χήρα
3707 2960 3775 3035 ἧς
3801 2967 3873 3018 τὰ
3901 2965 3999 3019 δύο

2412 3055 2585 3109 λεπτά
2613 3057 2997 3127 προκέκριται.

2487 3234 2609 3286 Ὀτι
2664 3235 2815 3285 κατὰ
2851 3230 3110 3299 δύναμιν
3143 3230 3443 3298 μαρτυρῶ,
3488 3230 3586 3283 καί
3624 3230 3780 3299 ὑπὲρ
3813 3231 3999 3286 δύνα-

2406 3342 2515 3393 μιν
2542 3325 2880 3391 αὐθαίρετοι
2929 3324 3079 3393 μετὰ
3106 3322 3345 3391 πολλῆς
3399 3324 3843 3391 παρακλήσεως
3869 3324 3996 3380 «Sed.

2405 3431 2573 3482 μενοι
2634 3414 2801 3482 ἡμῶν
2865 3415 2979 3481 τὴν
3009 3414 3185 3482 χάριν
3238 3415 3338 3467 καὶ
3380 3414 3497 3479 τὴν
3530 3419 3856 3469 κοινωνίαν
3880 3416 3995 3484 τῆς

2409 3506 2716 3573 διακονίας
2763 3504 2872 3575 τῆς
2923 3508 3008 3571 εις
3042 3506 3183 3569 τοὺς
3239 3506 3469 3573 ἁγίους,
3495 3505 3782 3569 δέξασθαι
3810 3506 3993 3575 ἡμᾶς.

2412 3601 2519 3653 Καὶ
2544 3602 2614 3653 οὐ
2660 3600 2853 3665 καθὼς
2873 3600 3244 3666 ἠλπίσαμεν,
3284 3599 3424 3653 ἀλλ’
3466 3598 3721 3665 ἑαυτοὺς
3754 3598 3996 3653 ἔδωκαν

2411 3690 2645 3755 πρῶτον
2684 3688 2761 3752 τῷ
2793 3690 2987 3754 Κυρίῳ
3017 3689 3111 3742 καὶ
3156 3690 3299 3757 ἡμῖν
3324 3690 3422 3742 διὰ
3447 3690 3787 3756 θελήματος
3816 3691 3990 3749 Θεοῦ.

2408 3783 2497 3845 είς
2526 3782 2589 3834 τὸ
2615 3780 3034 3848 παρακαλέσαι
3064 3779 3221 3847 ἡμᾶς
3269 3780 3461 3842 Τίτον,
3501 3782 3604 3833 ἵνα
3630 3782 3831 3847 καθὼς
3848 3799 3993 3847 προσ

2410 3873 2730 3941 ενήρξατο,
2760 3875 2949 3937 οὓτως
2971 3874 3068 3925 καὶ
3092 3873 3415 3939 ἐπιτελέσῃ
3436 3876 3524 3937 εἰς
3558 3871 3713 3940 ὑμᾶς
3734 3875 3836 3925 καί
3875 3875 3993 3938 τὴν

2410 3963 2584 4031 χάριν
2615 3966 2859 4029 ταύτην.

2482 4056 2762 4124 Μαρτυρῶ
2795 4054 2900 4122 γὰρ
2943 4053 3125 4115 αὐτοῖς
3154 4055 3234 4105 ὃτι
3275 4054 3415 4107 κατὰ
3445 4052 3694 4121 δύναμιν.
3729 4053 3797 4103 Τί
3822 4053 3990 4117 λέγω,

2410 4147 2551 4199 κατὰ
2571 4146 2799 4215 δύναμιν
2825 4162 2840 4210 ;
2896 4146 2989 4196 zu".
3021 4145 3161 4213 ὑπὲρ
3191 4143 3427 4212 δύναμιν
3452 4146 3550 4211 μὲν
3593 4140 3688 4196 οὖν
3724 4144 3989 4211 αὐθαίρεο

2408 4256 2512 4291 τοι.
2540 4239 2802 4307 Δεύτερον
2833 4236 3129 4305 ἐγκώμιον.
3165 4238 3237 4287 Ού
3276 4243 3384 4305 γὰρ
3413 4237 3575 4304 ἡμεῖς
3598 4236 3799 4296 αὐτοὺς
3852 4251 3991 4302 προ-

2411 4330 2781 4402 ετρεψάμςθα.
2820 4348 2837 4380 t
2877 4330 3027 4381 Μετὰ
3054 4328 3255 4396 πολλῆς
3284 4330 3701 4398 παρακλήσεως.
3732 4346 3749 4378 ›
3790 4328 3992 4396 Τρίτον

2410 4423 2704 4491 ἐγκώμιον.
2781 4422 2901 4472 Ὀτι
2964 4421 3061 4489 οὐχ
3126 4422 3285 4488 ἡμεῖς
3342 4419 3825 4487 παρεκαλέσαμεν,
3874 4420 3992 4470 ἀλλ’

2409 4516 2582 4569 αὐτοί.
2628 4511 2759 4567 Εἶτα
2792 4514 3078 4565 ἐπιτείνων
3134 4512 3231 4582 τὴν
3262 4512 3631 4580 παράκλησιν,
3670 4513 3828 4581 φησί’
3866 4515 3993 4565 Δεό-

2414 4625 2563 4678 μενοι
2592 4605 2748 4675 ἡμῶν
2783 4606 2861 4666 είς
2894 4606 2953 4655 τὸ
2976 4602 3248 4667 δέξασθαι.
3283 4634 3350 4643 -—
3398 4604 3596 4658 Ἄλλο.
3620 4600 3828 4675 [ΦΩΤ.]
3905 4605 3993 4655 Ἐν

2407 4702 2473 4768 τῇ
2504 4700 2771 4767 περικοπῇ
2797 4694 2949 4748 τοῦδε
3000 4696 3092 4747 τοῦ
3127 4694 3314 4765 ῥητοῦ,
3339 4694 3400 4758 ’ἐξ
3424 4712 3546 4746 τινα
3576 4695 3991 4764 κατορθώματα

2410 4788 2761 4858 ἐμαρτύρησε
2815 4788 2925 4845 τοῖς
2997 4785 3375 4847 Μακεδονίοις.
3433 4784 3652 4853 Πρῶτον
3714 4786 3846 4854 μὲν,
3910 4788 3990 4839 ὅτι

2408 4882 2553 4937 κατὰ
2606 4880 2853 4945 δύναμιν.
2912 4880 3068 4944 Μέγα
3102 4878 3179 4941 δὲ,
3209 4879 3302 4928 καὶ
3324 4878 3383 4929 τὸ
3411 4877 3642 4929 καθόσον
3694 4878 3873 4948 ίσχύει
3909 4897 3990 4940 τις

2407 4976 2628 5043 ποιῆσαι
2671 4972 3057 5041 ἐλεημοσύνην.
3099 4971 3156 5022 ὐ
3184 4970 3241 5021 δὲ
3280 4971 3371 5021 καὶ
3424 4968 3607 5039 μεῖζόν
3640 4987 3841 5040 φησιν.
3882 4974 3987 5036 ὅτι,

2416 5087 2434 5120 ι
2462 5069 2570 5120 Καὶ
2594 5066 2734 5135 ὑπὲρ
2765 5065 3017 5131 δύναμιν,
3033 5083 3050 5114 t
3068 5064 3347 5114 τουτέστιν
3367 5063 3594 5125 ἑαυτοὺς
3616 5065 3991 5134 ἀποστεροῦν-

2410 5176 2521 5221 τες.
2552 5159 2658 5209 Καὶ
2702 5156 2907 5225 τρίτον,
2938 5153 3369 5222 δτιαύθαίρετοι,
3402 5154 3698 5215 τουτέστιν,
3721 5157 3992 5221 οὖκέξεῆ-

2412 5251 2582 5319 θησαν
2604 5250 2681 5311 είς
2740 5248 2898 5299 τοῦτο
2958 5246 3329 5314 παραινέσεως
3363 5245 3671 5313 ἀλλοτρίας,
3708 5247 3989 5297 ἀλλάἱιῖοὶ

2411 5344 2467 5409 ἐξ
2492 5341 2785 5405 έαυτὼν,τὸ
2813 5340 3013 5406 ἀγαθὸν
3046 5337 3685 5407 ᾑρετίσαντο.Τέταρτον,
3720 5340 3777 5389 ξτ

2412 5434 2613 5503 πολλῆς
2634 5432 3050 5504 παρακλήσεωη
3074 5429 3333 5498 ὅπερὲστλ.
3356 5429 3582 5495 θερμῆς,
3602 5431 3695 5479 καὶ
3720 5429 3993 5498 5:35.633.-

2414 5524 2610 5593 ζούσης
2625 5524 2721 5593 τὴν
2739 5521 3107 5591 ἐλεημοσύνην
3125 5520 3594 5589 προαιρέσεωςοὺ
3619 5520 3727 5587 γὰρ
3742 5519 3818 5580 ὡς
3842 5521 3991 5571 αὐτοὶ

2417 5616 2623 5686 ἑτέροις
2675 5614 2836 5687 χάριν
2867 5613 3308 5682 κατατιθέμενοι,
3337 5609 3453 5663 ἀλλ’
3481 5610 3555 5672 ὡς
3586 5611 3743 5663 αὐτοὶ
3781 5613 3989 5680 μεγαὶα

3787 5356 3805 5389 ι
3855 5341 3989 5404 μετὰ
