4192 6458
153 399 278 462 1009

1083 387 1464 450 COMMENT.
1523 385 1605 446 ΙΝ
1637 383 1871 445 EPIST.
1902 382 1964 442 ΙΙ
2005 381 2104 442 AD
2141 379 2500 447 CORINTH.

3250 380 3386 446 1010

147 504 529 574 κερδαίνοντες,
570 497 935 570 παρεκάλουν,
970 497 1199 563 ἐδέοντο,
1225 499 1320 552 καὶ
1346 497 1446 550 οὐκ
1482 497 1704 549 ἀνίεσαν

1817 507 1958 548 mum
1996 491 2210 547 lucrum
2247 494 2531 560 facientes,
2569 491 2988 549 obtestabantur
3036 499 3090 549 et
3134 494 3389 549 obsecra-

146 600 401 670 δεόμενοι.
440 596 696 665 Δεόμενοι
725 592 855 662 γὰρ,
887 594 1074 662 φησιν,
1105 592 1284 662 ἡμῶν.
1304 590 1584 660 Πέμπτον,
1619 589 1699 641 δτι

148 691 231 741 καὶ
285 687 417 755 παρ’
473 683 693 746 ἐλπίδας
748 681 983 735 Παύλου.
1051 680 1191 749 Ὅρα
1243 679 1344 733 ποῦ
1412 678 1702 732 ἀνεϐίϐασε

147 775 198 826 τὸ
222 775 472 843 πρᾶγμα·
497 771 609 823 Καὶ
632 769 766 839 ἐμοῦ
788 769 976 832 αὑτοῦ,
1013 769 1167 838 φησὶ,
1195 768 1704 837 μεγαλοψυχότερον

147 864 472 930 διετέθησαν.
529 860 604 912 Οὐ
628 861 735 929 γὰρ
783 858 894 927 ἐγὼ
957 858 1142 921 αὐτὸς,
1211 859 1396 926 φησὶν,
1447 856 1702 926 ἤλπιζον,

147 955 390 1006 τοσοῦτον
446 953 643 1015 αὐτοὺς
709 950 1076 1020 ἐλεημοσύνην
1119 950 1616 1019 δαψιλεύσασθαι,ὀ
1650 949 1706 1003 δὲ

147 1043 258 1095 οὐδὲ
313 1040 523 1104 τούτοις
569 1041 838 1113 ἠρκέσθη,
889 1041 1002 1092 ἀλλ’
1067 1042 1158 1092 ἐπὶ
1204 1042 1270 1110 τῇ
1317 1040 1708 1110 συμπληρώσει.

149 1133 240 1200 τῆς
297 1136 567 1203 περιόδου,
594 1135 654 1186 τὸ
685 1133 870 1202 μεῖζον
946 1135 1161 1185 πάντων
1195 1133 1426 1185 τέθεκε.
1477 1134 1538 1183 Τί
1580 1131 1704 1200 γάρ,

149 1224 328 1292 φησὶν,
359 1221 447 1296 ἦν,
474 1225 502 1276 ὃ
533 1224 672 1278 κατὰ
716 1225 967 1293 δύναμιν,
1016 1228 1108 1277 καὶ
1171 1225 1310 1292 ὑπὲρ
1359 1225 1590 1292 δύναμιν
1618 1224 1708 1276 καὶ

149 1316 473 1385 αύῧαέρετοι,
528 1317 624 1369 καὶ
663 1316 1128 1386 παρακαλοῦντες.
1182 1316 1276 1368 καὶ
1305 1316 1576 1383 δεόμενοι,
1619 1317 1710 1368 καὶ

150 1408 275 1474 παρ’
337 1405 559 1468 ἐλπίδας
636 1408 884 1472 ἐποίουν;
949 1409 1013 1461 Ὢ
1075 1406 1302 1475 μέγεθος
1359 1407 1562 1474 ἀρετῆς
1616 1391 1710 1458 xal

149 1495 518 1566 ἐλεημοσύνης
564 1497 722 1562 ἀξίας
774 1497 882 1550 τῶν
941 1499 1034 1551 τοῦ
1101 1498 1312 1551 Παύλου
1367 1499 1707 1567 ἐγκωμίων1

149 1586 206 1638 Τί
237 1584 303 1656 ἦν
324 1588 352 1638 ὃ
384 1590 636 1651 ἐποίουν;
693 1607 712 1638 ι
741 1590 989 1642 Ἕδωκαν
1021 1591 1267 1654 ἑαυτοὺς,
1307 1590 1461 1659 φησὶ,
1496 1590 1712 1660 πρῶτον

147 1680 217 1750 τῷ
246 1681 440 1750 Κυρίῳ
498 1681 588 1732 καὶ
636 1683 786 1750 ἡμῖν,
841 1682 928 1734 διὰ
995 1683 1298 1752 θελήματος
1350 1683 1503 1737 Θετιῦ,
1538 1703 1554 1734 ι
1601 1684 1712 1736 Ούκ

147 1757 350 1821 ἔδωκαν
392 1769 556 1838 μέρος
592 1787 669 1831 τι,
706 1770 798 1822 καὶ
834 1771 995 1840 μέρος
1018 1774 1150 1842 παρ’
1184 1774 1394 1833 ἑαυτοῖς
1426 1773 1708 1840 κατέσχον,

1807 585 1934 638 bant
1968 597 2104 637 :nec
2132 583 2456 652 quieverunt
2479 599 2507 638 a
2539 584 2816 654 precibus.
2851 582 3145 654 Rogantes,
3179 585 3385 655 inquit,

1807 691 1928 729 nos.
1955 675 2218 741 Quintum
2251 675 2395 746 quod
2429 677 2590 731 etiam
2624 693 2789 749 supra
2824 693 2889 732 ea
2921 692 3042 747 qua:
3075 683 3390 748 speraverat

1809 767 2028 822 Paulus.
2076 768 2209 824 Vide
2252 785 2360 839 quo
2401 784 2514 824 rem
2568 771 2884 840 produxerit
2927 789 2940 825 :
2987 772 3052 826 Et
3100 773 3388 841 meipsum,

1808 861 2006 932 inquit,
2063 863 2235 928 magis
2280 862 2688 932 magnanimum
2749 862 3102 917 reddiderunt
3149 879 3164 927 ;
3217 878 3392 932 neque

1807 950 1950 1004 enim
1992 965 2090 1018 ego
2141 951 2257 1014 ipse
2306 953 2595 1017 sperabam
2649 951 2797 1021 quod
2853 961 2959 1006 tam
3021 952 3390 1006 abundantem

1809 1041 2210 1112 eleemosynam
2250 1049 2510 1110 praestare
2546 1055 2786 1112 possent.
2821 1043 2890 1095 At
2920 1059 2987 1096 ne
3021 1044 3135 1098 haec
3175 1044 3392 1112 quidem

1810 1130 1886 1185 illi
1934 1132 2065 1185 satis
2120 1132 2361 1197 fuerunt,
2421 1132 2514 1186 sed
2568 1133 2636 1186 ad
2679 1135 3137 1204 complementum
3185 1134 3392 1205 periodi

1809 1220 1953 1291 quod
1983 1223 2236 1277 omnibus
2265 1223 2441 1290 majus
2472 1231 2556 1278 est
2581 1224 2780 1292 posuit.
2816 1225 2953 1289 Quid
2982 1226 3126 1280 enim
3159 1225 3280 1282 fuit.
3307 1226 3395 1279 iu-

1812 1313 1951 1378 quit,
1984 1314 2128 1380 quod
2150 1314 2302 1380 juxta
2332 1315 2570 1375 vires,et
2601 1330 2767 1384 supra
2802 1319 3036 1378 vires,et
3067 1317 3322 1380 ultronei,
3343 1324 3397 1370 et

1810 1402 2148 1456 obtestantes
2197 1420 2260 1456 ac
2304 1413 2542 1467 orantes,
2577 1415 2628 1458 et
2678 1405 2801 1467 plus
2841 1420 3003 1473 quam
3047 1421 3396 1474 sperarcmus

1814 1496 2058 1550 iecerunt
2085 1497 2107 1549 ?
2139 1495 2183 1552 Ο
2215 1497 2641 1565 magnitudinem
2672 1496 2889 1550 virtutis
2914 1511 2977 1549 ac
3005 1495 3391 1567 eleentosynzv,

1812 1589 1986 1658 dignae
2022 1604 2152 1644 sane
2195 1588 2348 1643 Pauli
2393 1590 2658 1642 encomiis
2697 1592 2708 1642 1
2743 1588 2887 1654 Qutd
2930 1597 3015 1642 est
3065 1589 3197 1642 illud
3249 1591 3395 1656 quod

1815 1678 2062 1734 fecerunt
2091 1680 2115 1734 ?
2151 1699 2168 1731 ι
2203 1680 2450 1749 Seipsos,
2483 1681 2677 1748 inquit.
2713 1681 3000 1743 dederunt,
3032 1681 3262 1749 primum
3290 1678 3397 1732 Do-

1816 1770 1980 1832 mino,
2024 1769 2218 1825 deinde
2262 1779 2316 1825 et
2360 1772 2518 1825 nobis
2557 1787 2654 1838 per
2687 1772 3017 1826 voluntatem
3061 1773 3178 1825 Dei.
3216 1791 3232 1822 ι
3277 1769 3394 1825 Non

147 1850 254 1910 ἀλλ’
291 1862 519 1920 ἑαυτοὺς
570 1861 723 1922 ὅλους
763 1862 840 1929 τῷ
879 1862 1092 1930 Κυρίῳ,
1156 1863 1378 1925 ὡσανεὶ,
1447 1863 1565 1914 οὐδὲ
1615 1864 1710 1926 τὰς

1818 1871 2021 1928 partem
2071 1864 2306 1932 aliquam
2361 1865 2628 1918 dederunt
2669 1873 2724 1918 et
2776 1871 2982 1934 partem
3026 1866 3126 1919 sibi
3161 1866 3398 1918 retinue-

147 1949 234 2000 τοῦ
294 1950 395 2020 ζῇν
439 1952 692 2020 ἀφορμὰς
735 1954 947 2014 ἑαυτοῖς
1009 1953 1321 2012 κατέλιπον,
1379 1954 1511 2006 ἀλλὰ
1536 1953 1712 2007 πάντα

147 2041 344 2106 δόντες,
402 2043 500 2114 τὴν
551 2043 758 2096 ἐαυτῶν
817 2044 1072 2114 πρόνοιαν
1116 2047 1294 2098 πᾶσαν
1323 2047 1415 2097 καὶ
1458 2046 1714 2115 φροντίδα

153 2134 405 2186 ἀνέθεντο
438 2136 516 2204 τῷ
547 2137 756 2206 Κυρίῳ.
819 2139 908 2188 Διὸ
977 2137 1154 2190 καὶτὸ
1187 2137 1416 2206 μέγεθος
1463 2138 1655 2191 ἐννοῶν
1687 2140 1716 2187 ὁ

149 2224 355 2286 Παῦλος
380 2224 472 2276 τοῦ
502 2226 946 2296 κατορθώματος.
981 2229 1196 2296 ἐπάγει,
1235 2247 1252 2279 ι
1278 2230 1372 2281 Διὰ
1413 2229 1715 2300 θελήματος

145 2312 297 2365 θεοῦ.
329 2333 347 2363 ι
410 2316 553 2366 Ἀντὶ
610 2317 724 2378 τοῦ,
779 2319 869 2387 Μὴ
927 2319 1236 2390 θαυμάσῃς,
1274 2321 1714 2387 ἄνθρωπε-Θεὸν

146 2399 286 2471 εἶχον
317 2408 601 2476 συνεργὸν,
654 2409 844 2461 τοῦτον
877 2409 965 2462 διὰ
999 2414 1099 2479 τῆς
1153 2413 1531 2482 προαιρέσεως
1557 2416 1712 2483 ἐφελ-

148 2498 462 2565 κυσὲμενοι.
511 2497 680 2550 Ἔνθα
699 2499 755 2550 δὲ
782 2500 912 2563 82’;
942 2505 1194 2572 συνεργεῖ
1244 2504 1396 2556 οὐδὲν
1429 2507 1711 2560 ἀδύνατον.

148 2587 284 2654 Ὅρα
314 2588 370 2639 δὲ
405 2589 519 2652 πῶς
578 2591 738 2661 χάριν
777 2593 910 2645 αὐτὸ
945 2597 1038 2647 καὶ
1081 2597 1368 2648 κοινωνίαν
1419 2598 1601 2650 κ-ιλῶν
1624 2601 1716 2652 ἐπὶ

145 2677 286 2730 τέλει
331 2681 576 2748 ἀνεῖπεν,
637 2685 718 2736 ὅτι
747 2685 882 2748 ὅλως
913 2686 1138 2748 ἑαυτοὺς
1167 2688 1394 2742 ἔδωκαν.
1431 2708 1448 2738 ι
1476 2691 1585 2743 Kal
1619 2691 1714 2762 τὴν

147 2772 434 2822 κοινωνίαν
500 2774 598 2843 τῆς
653 2775 990 2838 διακονίας.»
1062 2780 1216 2831 Ἐπεὶ
1274 2780 1515 2851 ζηλωταὶ
1575 2779 1714 2853 ἦσαν

146 2860 470 2927 ἀνθρώπων,
503 2865 664 2933 χάριν
689 2871 782 2920 καὶ
806 2870 1052 2940 χάρισμα
1077 2873 1135 2923 τὸ
1161 2873 1395 2942 πρᾶγμα
1421 2874 1598 2936 καλεῖ,
1629 2877 1714 2930 ῖνα

147 2952 510 3022 ἐπιδράμωσι.
543 2959 840 3011 Κοινωνίαν
862 2961 918 3012 δὲ
970 2962 1125 3014 καλεῖ
1170 2965 1266 3032 τὴν
1322 2964 1713 3037 ἐλεημοσύνην,

145 3041 356 3106 δεικνὺς
385 3045 467 3098 ὅτι
485 3047 534 3098 oi
561 3048 659 3116 μὲν
688 3052 949 3119 χρήματα
971 3051 1204 3106 διδόασιν
1258 3056 1309 3106 οἱ
1331 3056 1386 3108 ῑέ
1409 3056 1714 3126 λαμϐάνον-

143 3149 249 3196 τες.
280 3137 383 3205 τὴν
414 3139 568 3209 παρὰ
604 3140 737 3194 Θεοῦ
765 3143 1017 3212 βοήθειαν
1033 3145 1218 3208 αὐτοῖς
1244 3149 1712 3221 συνεισφέρουσ.ν.

217 3243 238 3276 ‹
283 3201 396 3280 Kal
428 3201 701 3294 οιλκαθὼς
728 3201 1056 3304 ὖλπίσαμεν.
1086 3255 1104 3287 ι
1135 3201 1304 3291 Τοῦτο
1336 3201 1594 3311 καὶσπρδς
1741 3201 1785 3263 C

145 3315 350 3385 θλίψεις
394 3319 490 3370 καὶ
520 3319 618 3390 τὴν
652 3325 928 3393 ποσότητα
959 3327 1196 3393 νοητέον.
1239 3329 1315 3381 Οὐ
1349 3331 1457 3399 γὰρ
1487 3331 1720 3399 ἠλπίσα-

145 3423 265 3472 μεν,
298 3411 488 3478 φησὶν,
527 3411 608 3464 ὅτι
639 3415 696 3466 ἐν
730 3414 906 3484 θλίψει
937 3419 1089 3481 ὄντες
1123 3421 1377 3494 τοσαύτῃ.
1416 3423 1448 3492 ἢ
1484 3423 1714 3489 ἔδωκαν,

143 3497 451 3566 ἢτοσαῦτα
493 3503 719 3558 ἔδωκαν.
758 3527 776 3558 ι
825 3509 964 3561 Ἀλλ’
1009 3512 1231 3574 ἑαυτοὺς
1271 3514 1497 3568 ἔδωκαν.
1548 3536 1565 3567 ι
1603 3518 1719 3571 Οὐκ

140 3590 198 3642 ἐν
230 3593 395 3659 μέρει
436 3595 554 3662 μὲν,
597 3601 751 3666 φησὶ,
775 3599 852 3668 τῷ
882 3602 1092 3670 Κυρίῳ,
1134 3606 1192 3656 ἐν
1225 3607 1380 3673 μέρει
1412 3607 1468 3660 δὲ
1493 3611 1604 3672 τοῖς
1629 3626 1719 3662 κο·

143 3685 366 3747 σμικοῖς
397 3686 736 3754 πράγμασιν,
772 3688 888 3740 ἀλλ’
927 3690 1038 3742 ὅλοι
1068 3691 1134 3745 δι’
1169 3693 1304 3746 ὅλων
1338 3696 1545 3750 ἔδωκαν
1586 3702 1716 3753 ἐαυ-

138 3776 265 3836 tot);
298 3773 381 3843 τῷ
408 3776 619 3847 Κυρίῳ.
657 3779 766 3831 Καὶ
795 3782 928 3848 ἡμῖν
953 3781 1008 3835 δὲ
1031 3783 1132 3836 οὐκ
1160 3785 1303 3856 εικῆ,
1340 3786 1474 3840 ἀλλὰ
1507 3789 1596 3842 διὰ
1626 3790 1717 3844 θε-

140 3865 389 3938 λήματος
422 3869 579 3934 Θεοῦ,
613 3873 880 3936 τουτέστι,
909 3875 996 3929 διὰ
1039 3877 1098 3929 τὸ
1128 3878 1337 3948 θέλημα
1365 3882 1459 3933 καὶ
1498 3882 1558 3935 τὸ
1592 3885 1722 3953 ἀρε-

140 3958 265 4010 στὸν
298 3959 446 4028 Θεῷ,
477 3961 636 4014 τοῦτο
684 3964 980 4028 ποιοῦντες.
1023 3985 1041 4018 ι
1097 3967 1192 4032 Et";
1231 3970 1290 4022 τὸ
1342 3972 1719 4041 παρακαλέσαι

137 4049 288 4118 ἡμᾶς
319 4050 506 4107 Τίτον.
540 4071 559 4102 ι
599 4053 706 4106 Καὶ
737 4054 1009 4122 τοσοῦτον,
1041 4060 1227 4128 φησιν,
1258 4059 1464 4114 ἔδωκαν
1495 4062 1719 4127 ἑαυτοὺς

137 4140 277 4208 πρὸς
325 4140 512 4205 τοῦτο,
558 4141 698 4194 ὥστε
737 4143 912 4197 ἐλθεῖν
969 4163 1035 4216 με
1085 4151 1162 4210 εἰς
1209 4150 1270 4202 τὸ
1308 4152 1522 4221 πέμψαι
1560 4155 1719 4208 Τίτον

136 4229 266 4298 περὶ
322 4228 522 4282 τούτου
562 4231 696 4299 πρὸς
746 4233 912 4302 ὑμᾶς,
967 4236 1051 4288 ἵνα
1114 4237 1189 4307 μὴ
1236 4238 1455 4294 ἔλαττον
1506 4246 1719 4312 σχοίητε

135 4314 498 4370 Μακεδόνων.
560 4337 578 4370 ι
626 4318 742 4372 Ἵνα
782 4321 964 4384 καθὼς
1017 4324 1406 4394 προενήρξατο.
1459 4344 1476 4377 ι
1517 4328 1722 4382 Οίκειοῖ

135 4405 322 4468 αὐτοῖς
368 4405 466 4458 τὸν
516 4407 691 4460 Τίτον.
739 4410 990 4462 Δείκνυσι
1021 4411 1129 4482 γὰρ
1167 4413 1350 4476 αὐτὸν,
1387 4415 1718 4484 προθέμενον

1816 1963 1959 2014 runt,
1990 1968 2054 2007 ac
2088 1955 2130 2009 si
2158 1954 2398 2010 diceret:
2429 1955 2506 2008 Ne
2535 1957 2751 2009 vrvcndi
2783 1957 2999 2025 quidem
3034 1955 3275 2010 subsidia
3296 1955 3398 2008 sibi

1813 2047 2176 2106 retinuerunt,
2209 2047 2302 2100 sed
2333 2045 2476 2100 datis
2503 2045 2780 2109 omnibus,
2802 2061 2954 2099 suam
2989 2047 3231 2114 ipsorum
3270 2060 3398 2111 pro-

1814 2136 2108 2189 videntiam
2144 2152 2360 2189 omnem
2394 2144 2448 2191 cl.
2494 2153 2680 2191 curam
2714 2138 2766 2190 in
2801 2136 3088 2190 Dominum
3131 2150 3396 2205 reposue-

1815 2233 1963 2280 runt.
2006 2226 2134 2281 ideo
2163 2243 2386 2296 quoque
2417 2226 2628 2291 Paulus
2674 2228 3102 2296 magnitudinem
3151 2225 3399 2296 praeclari

1815 2315 2075 2371 facinoris
2119 2318 2444 2388 intelligens,
2488 2317 2792 2386 sultjungit.
2839 2335 2856 2368 ι
2907 2315 3008 2370 Ρει·
3064 2316 3398 2370 voluntatem

1814 2408 1927 2468 Dei,
1973 2427 1990 2458 ι
2043 2420 2299 2477 tanquam
2341 2409 2568 2462 dixisset
2612 2429 2624 2461 :
2669 2407 2746 2462 Ne
2789 2407 3097 2470 admireris,
3135 2421 3167 2460 ο
3217 2407 3398 2460 homo.

1817 2497 1985 2551 Deum
2025 2499 2298 2552 habebant
2321 2499 2724 2561 auxiliatorem,
2754 2513 2914 2566 quem
2941 2499 3188 2552 ultronea
3215 2511 3401 2564 prmu-

1817 2595 2014 2657 piuqtte
2048 2589 2323 2643 voluntate
2347 2597 2702 2642 attraxerant.
2727 2587 2824 2644 Ubi
2851 2604 2979 2643 vero
3001 2588 3141 2642 Deus
3173 2589 3403 2641 auxilia-

1817 2686 1923 2743 tur,
1960 2681 2090 2734 ninil
2115 2681 2452 2748 impossibile
2483 2692 2583 2735 est.
2603 2679 2903 2735 Considera
2930 2689 3107 2734 autem
3128 2679 3401 2748 quomodo

1817 2786 1938 2826 cum
1960 2773 2111 2841 prius
2142 2772 2272 2826 illud
2305 2787 2390 2827 τοι
2405 2783 2549 2827 asset
2575 2773 2804 2841 gratiam
2825 2786 2888 2824 ac
2908 2775 3398 2841 partrcrpationem,

1819 2862 1872 2915 in
1913 2861 2017 2916 line
2064 2863 2334 2916 addiderit
2382 2863 2527 2931 quod
2579 2861 2804 2916 omnino
2856 2862 3071 2931 scipsos
3111 2861 3396 2915 dederunt.

1824 2971 1842 3003 ι
1884 2951 1948 3005 Et
1974 2953 2444 3022 participationem
2480 2951 2789 3006 ministerii.
2829 2969 2848 3004 ι
2884 2953 3148 3015 Quoniam
3178 2951 3401 3003 aemula-

1818 3051 1968 3096 tores
2004 3053 2159 3098 erant
2198 3044 2500 3108 hominum,
2534 3058 2644 3096 rem
2683 3043 2857 3111 ipsam
2905 3043 3038 3097 dicit
3075 3041 3302 3112 gratiam
3336 3057 3400 3092 ac

1822 3135 2024 3190 donum
2069 3144 2128 3187 ut
2171 3143 2484 3190 accurrant.
2538 3135 2950 3206 Einemosyn-tm
3005 3143 3187 3189 autem
3246 3143 3402 3188 vocat

1820 3227 2293 3297 participationem
2318 3265 2334 3290 ,
2374 3234 2674 3282 ostennens
2702 3227 2844 3296 quod
2873 3226 2947 3279 illi
2980 3226 3199 3296 quidem
3238 3239 3402 3296 pecu-

1819 3319 1940 3374 nias
1970 3317 2222 3373 tribuunt
2254 3335 2270 3384 ;
2308 3318 2401 3389 qui
2441 3331 2571 3374 vero
2595 3317 2898 3389 accipiunt,
2935 3317 3102 3390 659
3133 3319 3399 3374 auxilium

1821 3422 1850 3460 a
1878 3407 1986 3464 Deo
2016 3407 2150 3478 Ipsis
2174 3407 2482 3465 conferunt.
2513 3427 2534 3463 ι
2575 3407 2640 3465 Et
2681 3424 2790 3466 non
2829 3418 3100 3480 quatenus
3145 3407 3399 3479 speraba—

1821 3513 1962 3552 mus.
2009 3516 2027 3549 »
2069 3499 2184 3552 Hoc
2219 3506 2273 3553 et
2301 3497 2367 3552 ad
2403 3497 2726 3554 atﬂietioncs
2759 3506 2812 3556 et
2840 3499 2907 3556 ad
2935 3498 3290 3570 quantitatem
3318 3501 3404 3554 In-

1820 3590 2166 3658 telligendum
2197 3598 2302 3645 est.
2331 3589 2450 3644 Non
2475 3593 2621 3644 cnim
2650 3594 3028 3660 sperabamus,
3062 3606 3184 3646 cum
3216 3600 3402 3646 essent

1820 3681 1873 3734 in
1926 3679 2232 3741 aﬂlirtione,
2281 3680 2427 3748 quod
2477 3689 2572 3735 aut
2614 3680 2809 3735 darent
2859 3691 2951 3734 aut
2983 3690 3132 3736 tanta
3181 3682 3395 3736 darent.

1825 3790 1842 3822 ι
1883 3772 1987 3825 Sed
2020 3772 2230 3840 scipsos
2261 3771 2550 3828 dederunt.
2599 3793 2615 3825 ι
2657 3774 2772 3828 Νοη
2805 3775 3029 3844 partim,
3060 3775 3258 3842 inquit.
3299 3774 3401 3826 Do-

1822 3861 1990 3922 mino,
2037 3861 2232 3928 partim
2276 3875 2404 3916 vero
2447 3863 2737 3918 mundanis
2788 3865 2974 3929 rebus,
3025 3865 3120 3920 scd
3172 3863 3272 3920 toti
3306 3880 3402 3934 per

1819 3953 2001 4005 omnia
2029 3952 2296 4006 dederunt
2325 3954 2536 4022 seipsns
2571 3954 2825 4017 Domino,
2868 3957 3029 4010 nobis
3071 3968 3250 4010 autem
3292 3971 3403 4010 non.

1819 4049 2046 4107 temere,
2081 4045 2175 4099 sed
2212 4061 2306 4115 per
2336 4046 2672 4101 voluntatem
2711 4047 2802 4102 Dei
2828 4066 2841 4102 :
2869 4049 2972 4105 hoc
3005 4059 3110 4112 est,
3141 4048 3402 4103 iacientes

1823 4131 1942 4188 ideo
1972 4133 2114 4201 quod
2149 4136 2551 4204 beneplacitum
2588 4153 2648 4192 ac
2681 4129 2932 4195 voluntas
2959 4141 3049 4194 Dei
3079 4148 3246 4194 esset.
3277 4157 3297 4191 ι
3326 4137 3400 4192 lta

1822 4231 1880 4277 ut
1904 4225 2314 4279 :nlhortaremur
2344 4224 2548 4281 Titum.
2591 4246 2610 4279 ι
2667 4227 2730 4281 Et
2765 4231 2918 4293 adeo,
2961 4230 3157 4300 inquit,
3191 4232 3403 4300 seipsos

1822 4316 1885 4365 ad
1922 4316 2022 4367 hoc
2055 4315 2420 4380 tradiderunt,
2451 4326 2510 4370 ut
2541 4319 2595 4371 in
2624 4319 2725 4372 hoc
2765 4321 3042 4382 venirem,
3082 4335 3189 4390 quo
3219 4320 3401 4373 Titum

1821 4405 1888 4458 de
1937 4406 2036 4458 hac
2074 4420 2132 4460 re
2180 4407 2247 4460 ad
2285 4425 2382 4463 vos
2418 4411 2714 4472 mitterem,
2763 4425 2830 4464 ne
2880 4411 3169 4464 inferiores
3207 4392 3403 4466 essetis

138 4497 232 4547 καὶ
281 4496 386 4562 ἀφ’
423 4497 617 4547 ἑαυτοῦ
667 4497 920 4552 ἀπελθεῖν
956 4501 1088 4566 πρὸς
1136 4503 1471 4572 Κορινθίους,
1507 4505 1592 4558 ῖνα
1643 4505 1717 4577 μὴ

1824 4495 2230 4552 Macedonibus.
2268 4516 2285 4548 ι
2317 4498 2387 4554 Ut
2422 4500 2565 4553 sicut
2600 4509 2755 4554 antea
2786 4510 3044 4570 cmperat.
3085 4519 3102 4552 ι
3136 4501 3404 4555 Conciliat

136 4586 498 4640 ἐλαττωθῶσι
529 4589 855 4643 Μακεδόνων
882 4607 898 4624 ο
925 4593 1080 4646 τοῦτο
1105 4593 1160 4646 δὲ
1191 4596 1406 4664 ἀγάπης
1437 4593 1504 4669 ἦν
1532 4599 1714 4652 Τίτου.

137 4675 279 4740 Ἵνα,
322 4679 490 4745 (mal,
527 4676 708 4739 καθὼς
747 4680 1118 4750 προενήρξατο
1150 4683 1414 4748 τουτέστι,
1460 4686 1719 4756 προέθετο

133 4766 192 4818 τὸ
216 4767 332 4820 δεῖν
369 4766 552 4818 ἐλθεῖν
599 4767 735 4837 πρὸς
771 4769 936 4837 ὑμᾶς,
981 4790 998 4822 ι
1039 4772 1145 4824 Kal
1174 4774 1478 4847 ἐπιτελέσῃ,
1507 4796 1525 4827 ι
1565 4795 1721 4830 τουτο

137 4858 254 4910 ἐστι
290 4857 570 4929 πληρώση
605 4859 665 4911 τὸ
713 4862 928 4932 ἐγχείρπ
944 4880 1039 4933 μα.
1081 4864 1248 4918 Τοῦτο
1287 4867 1341 4919 δέ
1381 4869 1493 4920 ἐστι
1529 4870 1588 4921 τὸ
1620 4887 1719 4923 πα·-

138 4952 490 5018 ρασκευάσαι
530 4949 698 5010 αὑτὸν,
727 4953 804 5014 είς
834 4952 996 5020 ἔργον
1035 4954 1179 5023 ὑμᾶς
1209 4955 1434 5022 ἀγαγεῖν
1472 4957 1530 5010 τὸ
1577 4961 1716 5013 κατὰ

133 5039 229 5112 τὴν
281 5041 686 5110 ἐλεημοσύνην.
737 5061 756 5095 ι
791 5043 976 5108 Οὕτως
1023 5047 1307 5118 ἐπιτελέσῃ
1363 5051 1441 5112 εἰς
1491 5051 1652 5120 ὑμᾶς.
1693 5071 1711 5104 ι

145 5130 234 5192 Ὠς
267 5133 371 5183 καὶ
424 5131 498 5182 τὰ
545 5132 704 5184 λοιπὰ
758 5134 906 5202 ὑμῖν,
942 5137 1095 5204 φησὶ,
1121 5137 1420 5207 διήνυσται,
1466 5142 1610 5212 ἆπερ
1663 5145 1715 5196 ἐν

130 5223 238 5282 τοῖς
270 5222 391 5275 ἄνω
430 5227 722 5290 μαρτυρεῖ.
753 5223 894 5294 Ὅρα
931 5225 986 5278 δὲ
1020 5226 1136 5287 πῶς
1159 5229 1432 5301 πανταχοῦ
1469 5233 1715 5303 χάρισμα

132 5307 288 5361 καλεῖ
319 5309 428 5378 τὴν
485 5308 871 5382 ἐλεημοσύνην.
927 5315 1034 5368 Καὶ
1067 5315 1166 5386 τὴν
1196 5318 1354 5390 χάριν
1398 5320 1524 5390 γὰρ,
1559 5324 1710 5394 φησὶ,

132 5416 360 5472 ταύτην.

213 5668 377 5721 Ἀλλ’
413 5665 627 5734 ὥσπερ
654 5667 723 5720 ἐν
756 5672 931 5724 παντί
973 5677 1360 5743 περισσεύετε
1394 5679 1592 5735 πίστει
1623 5681 1717 5735 καί

132 5759 288 5828 αογῳ
325 5757 430 5812 καὶ
475 5756 691 5826 γνώσει
739 5760 835 5814 καὶ
881 5761 1047 5833 πάσῃ
1092 5767 1353 5835 σπουδῇ,
1405 5771 1503 5822 καὶ
1550 5771 1621 5839 τῇ
1652 5769 1718 5835 ἐξ

1827 4589 1960 4656 ipsis
1988 4586 2193 4641 Titum.
2225 4589 2472 4643 Ostendit
2513 4592 2657 4644 enim
2689 4592 2832 4659 quod
2866 4594 3210 4662 proposuerit
3237 4591 3401 4646 etiam

1822 4692 1850 4730 a
1881 4679 2062 4746 scipso
2098 4677 2367 4747 proﬁcisci
2400 4680 2465 4734 ad
2505 4680 2842 4746 Corinthios,
2902 4698 2967 4736 ne
3007 4685 3292 4737 inferiores
3315 4697 3404 4736 es-

1824 4778 1946 4821 sent
1981 4767 2365 4823 Macedonibus
2397 4784 2412 4822 :
2453 4770 2553 4825 hoc
2583 4780 2702 4825 erat
2741 4773 2946 4826 amoris
2978 4772 3108 4827 Titi.
3153 4771 3216 4828 Ut
3261 4775 3403 4827 sicut

1824 4867 1979 4910 antea
2007 4866 2272 4926 coeperat,
2306 4861 2482 4930 inquit
2509 4881 2521 4914 :
2544 4861 2644 4916 hoc
2674 4869 2779 4925 est,
2811 4873 3165 4933 proposuerat
3189 4873 3243 4919 et
3267 4879 3398 4919 con—

1824 4961 2039 5019 ceperat
2064 4953 2208 5021 quod
2242 4962 2516 5020 oporteret
2546 4957 2730 5012 venire
2772 4955 2836 5009 ad
2869 4971 3006 5016 vos;
3035 4976 3052 5008 ι
3086 4957 3160 5010 ita
3189 4969 3244 5012 et
3265 4971 3366 5012 con
3387 4986 3400 4999 ο

1822 5048 2173 5092 ευιιιιιιιιτει.»
2221 5039 2330 5094 Hoc
2364 5050 2471 5105 est,
2513 5058 2623 5096 rem
2645 5052 2903 5099 tentatam
2927 5048 3220 5114 compleret
3251 5065 3264 5100 :
3298 5048 3400 5103 hoc

1819 5140 1998 5183 autem
2031 5139 2114 5184 cst
2148 5146 2321 5200 lpSllln
2365 5133 2466 5185 hoc
2496 5130 2705 5187 cllicere
2740 5142 2796 5186 ut
2826 5149 2942 5210 vos_
2968 5135 3034 5189 ad
3070 5150 3208 5204 Opus
3234 5136 3401 5190 dedu~

1818 5232 1906 5277 cat
1936 5222 2076 5291 quod
2105 5221 2170 5274 ad
2205 5223 2602 5292 cleemosyuam
2638 5225 2890 5293 pertinet.
2931 5244 2947 5278 ι
2973 5225 3048 5279 l‘ta
3071 5236 3123 5281 et
3145 5242 3402 5283 consum-

1821 5320 1994 5366 marci
2024 5327 2151 5382 erga
2184 5328 2300 5366 vos.
2346 5329 2364 5362 ι
2408 5312 2566 5366 Sicut
2603 5323 2821 5381 ρατιονε,
2866 5317 3064 5386 inquit,
3109 5317 3398 5372 voblscum

1829 5413 2170 5476 transegerat
2226 5420 2344 5473 quae
2405 5406 2458 5459 in
2525 5411 2898 5477 superioribus
2957 5417 3210 5467 testatur.
3267 5411 3402 5471 Vide

1823 5506 2000 5552 autem
2026 5496 2297 5568 quomodo
2334 5496 2731 5568 eleemosynam
2762 5501 2963 5572 ubique
2995 5501 3198 5557 donum
3222 5515 3398 5562 vocet.

1821 5584 1995 5640 Etiam
2026 5587 2185 5650 hanc,
2218 5587 2414 5656 inquit,
2442 5591 2696 5658 gratiam.
3203 5575 3206 5580 '

1894 5673 2028 5744 \‘lll,
2055 5676 2108 5742 7,
2141 5677 2194 5734 8.
2232 5675 2350 5733 Ima
2394 5678 2833 5748 quemadmodum
2879 5679 3066 5753 tibique
3112 5679 3402 5742 «tendatis

1824 5766 1927 5842 ﬁde
1957 5778 2002 5824 et
2045 5781 2283 5826 sermone
2324 5777 2372 5823 et
2416 5769 2637 5826 scientia
2677 5779 2725 5826 et
2748 5770 2892 5828 omni
2923 5769 3218 5846 diligentia,
3255 5782 3305 5832 at
3341 5787 3410 5834 ea
