4192 6458
771 415 909 478 1023

1849 405 2242 467 (ECUMENII
2278 402 2569 462 TRICCzE
2612 399 2957 462 EPISCOPI

3882 396 4015 461 ιωι

769 526 964 594 inquit,
992 520 1465 597 gloriationis.‘Ac
1511 519 1555 573 si
1592 519 1794 571 diceret
1834 530 1848 569 :
1881 517 2016 571 Aliis
2067 516 2119 567 in
2166 515 2329 568 rebus

2436 510 2837 579 αισχυνθῶμεν,
2898 506 3013 561 ἀλλ’
3057 505 3115 558 ἐν
3140 505 3275 575 μόνῃ
3303 507 3368 575 τῇ
3402 504 3532 575 περὶ
3584 503 3683 570 τῆς
3714 503 4015 572 ἐλεημοσύ-

768 620 974 687 pndore
1004 628 1347 683 nequaquam
1370 610 1830 671 snﬂ‘underemur,
1861 608 1953 661 sed
1992 608 2046 659 in
2085 606 2198 659 sola
2227 604 2329 658 hac

766 707 1088 775 gloriatione
1102 706 1168 759 de
1191 706 1551 771 elecmosyna.
1590 719 1608 751 ι
1628 699 1862 753 Proinde
1895 696 2320 751 necessarium.»

766 798 977 849 Etenim
999 811 1125 849 vere
1154 792 1527 847 necessarium
1558 799 1695 853 erat,
1724 797 1777 841 et
1808 790 1957 856 ipsos
2010 786 2217 855 pudore
2258 786 2325 838 li-

761 888 973 948 berare,
1008 894 1062 940 et
1116 886 1354 953 seipsum
1405 898 1470 934 ne
1512 880 1773 932 mentitus
1824 877 1992 930 fuisse
2029 876 2320 929 videretur.

766 994 785 1026 ι
824 975 892 1029 Ut
922 980 1072 1043 prius
1102 973 1425 1026 accederent
1463 968 1527 1021 ad
1552 984 1666 1023 vos.
1708 987 1725 1018 ι
1761 968 2032 1031 Quoniam
2075 967 2126 1018 in
2159 981 2322 1034 supe-

760 1066 998 1117 rioribus
1035 1064 1248 1117 dixerat
1286 1068 1299 1114 ξ
1334 1081 1350 1111 ι
1379 1059 1782 1129 Supervacuum
1821 1058 1951 1110 mibi
1994 1066 2078 1111 est
2114 1058 2179 1109 de
2219 1056 2322 1109 hoc

2440 620 2535 670 νης
2572 602 2860 669 καυχήσει.
2893 615 2915 651 σ
2942 599 3051 652 Καὶ
3085 596 3191 667 γὰρ
3219 592 3287 667 ἦν
3310 596 3476 659 ὅντως
3504 596 3827 663 ἀναγκαῖον,
3869 615 3888 645 ι
3924 600 4014 649 καὶ

2438 694 2635 755 αὐτοὺς
2694 691 2976 760 αἰσχύνης,
3048 690 3141 743 καὶ
3183 687 3379 741 ἑαυτὸν
3440 686 3535 739 τοῦ
3567 687 3746 739 δοκεῖν
3813 686 4009 754 ψεύδε-

2438 784 2561 837 σθαι
2621 782 2947 850 ἀπαλλάξαι.
3011 802 3030 833 ι
3083 783 3200 834 ’Ὶνα
3249 778 3588 849 προέλθωσιν
3651 782 3729 840 εἰς
3784 778 3948 846 ὑμᾶς.
3988 796 4007 825 ι

2448 875 2662 945 Ἐπειδὴ
2692 875 2805 927 ἄνω
2834 874 3071 943 εἰρήκει,
3159 871 3469 940 ιὴῐΙεριττόν
3510 870 3600 938 μοί
3630 871 3746 923 ἐστι
3767 871 3830 921 τὸ
3876 870 4012 935 γρά-

2425 985 2545 1035 φειν
2575 972 2702 1036 περί
2736 966 2949 1026 τούτου,
2987 985 3005 1017 ι
3038 966 3112 1028 ὡς
3162 966 3342 1018 αὐτῶν
3375 963 3577 1033 δηλαδὴ
3634 964 3874 1030 ἑτοίμων
3923 960 4015 1012 δν-

2425 1060 2554 1120 τῶν,
2586 1060 2672 1111 ἵνα
2707 1058 2781 1128 μὴ
2804 1057 2928 1128 δόξῃ
2953 1057 3168 1109 ὲναντία
3207 1058 3408 1124 λέγειν,
3445 1055 3540 1109 νῦν
3590 1054 3689 1105 ούκ
3752 1053 3836 1103 ἔτι
3888 1052 4014 1121 περὶ

760 1155 1024 1214 scribere,
1058 1172 1075 1203 ι
1119 1162 1302 1221 utpote
1346 1151 1609 1220 ipsisjam
1658 1149 1862 1216 paratis
1899 1164 1915 1201 :
1950 1164 2014 1200 ne
2046 1148 2321 1201 contraria

2430 1149 2514 1201 τοῦ
2572 1150 2998 1216 συνεισενέγκαι,
3052 1147 3186 1201 ἀλλὰ
3224 1148 3352 1213 περὶ
3410 1145 3503 1197 τοῦ
3528 1145 3737 1213 ταχέως
3792 1143 3887 1193 καὶ
3920 1142 4013 1193 δα-

758 1244 1235 1304 diccrevideatur,
1294 1259 1399 1295 non
1459 1241 1694 1309 amplius
1743 1242 1965 1293 disserit
2031 1254 2179 1292 nunc
2255 1240 2320 1293 de

758 1333 1109 1394 conierendo,
1148 1333 1240 1386 sed
1271 1334 1336 1387 de
1363 1333 1620 1386 velociter
1650 1341 1701 1384 et
1732 1331 1947 1384 abunde
1995 1347 2056 1383 ac
2075 1340 2324 1399 prompto

758 1421 939 1472 animo
971 1420 1302 1473 conferendo
1336 1435 1348 1471 :
1397 1435 1491 1487 per
1525 1419 1635 1471 haec
1696 1418 1825 1469 illud
1870 1433 2086 1485 quoque
2127 1418 2329 1470 contir-

758 1524 938 1564 mans.
999 1528 1017 1560 ι
1056 1509 1125 1564 Ut
1160 1524 1221 1563 ea
1269 1510 1410 1562 sitin
1459 1514 1733 1578 promptu.
1792 1509 1887 1571 Ea,
1933 1522 2129 1579 nempe
2186 1509 2325 1561 elee-

758 1614 1011 1669 niosyna,
1060 1612 1183 1655 cum
1212 1600 1567 1654 abundantia.
1600 1618 1618 1649 ι
1659 1596 1749 1651 Sic
1790 1606 2047 1665 tanquam
2104 1598 2325 1652 benedi-

758 1688 887 1743 Ctio.
926 1708 943 1740 ι
981 1686 1090 1751 Sic,
1124 1688 1226 1742 hoc
1256 1697 1357 1753 est,
1385 1701 1506 1743 cuni
1533 1687 1730 1757 gaudio
1753 1695 1805 1738 ct
1826 1672 2073 1756 promptu
2117 1687 2320 1738 animo.

757 1774 955 1833 Nullus
991 1778 1138 1832 enim
1185 1778 1616 1835 benedictionem
1670 1781 1829 1842 dans,
1884 1790 1977 1832 aut
2028 1778 2195 1843 dolet,
2230 1787 2325 1831 aut

756 1882 822 1922 ex
846 1869 1170 1923 necessitate
1194 1868 1306 1925 dat.
1336 1869 1428 1925 Ille
1453 1872 1597 1925 enim
1662 1885 1859 1936 nempe
1891 1883 2112 1933 avarus,
2179 1869 2329 1924 dolet

2430 1238 2598 1308 ψιλῶς
2688 1239 2780 1291 καὶ
2841 1236 3136 1307 προθύμως
3204 1236 3533 1302 διαλέγεται,
3626 1232 3716 1284 διὰ
3786 1230 4009 1291 τούτων,

2433 1332 2650 1382 κάκεῖνο
2710 1331 3191 1394 κατασκευάζων.ι
3231 1329 3447 1398 Ταύτην
3514 1328 3739 1394 ἑτοίμην
3792 1320 3953 1377 εἶναι.
3989 1342 4005 1372 ι

2432 1422 2543 1491 Τὴν
2576 1421 2713 1490 μετὰ
2751 1420 3027 1488 δαψιλείας
3052 1419 3443 1489 ἐλεημοσύνην,
3480 1438 3497 1469 ι
3529 1416 3714 1477 Οὕτως
3767 1416 3843 1476 ὡς
3865 1414 4013 1465 ebita-

2431 1514 2571 1580 γίαν.
2598 1533 2614 1563 ι
2638 1512 2844 1577 Οὕτως,
2860 1513 3130 1565 τουτέστιν
3152 1511 3289 1580 μετὰ
3309 1513 3481 1580 χαρᾶς
3501 1511 3592 1561 καὶ
3629 1508 3888 1572 σπουδῆς.
3910 1505 4013 1557 Οὗ-

2432 1600 2541 1660 δεὶς
2594 1600 2699 1668 γὰρ
2734 1600 2984 1665 εὐλογίαν
3022 1598 3194 1659 διδοὺς
3228 1599 3499 1659 λυπεῖται,
3566 1597 3596 1663 ἢ
3653 1594 3712 1657 ἐξ
3768 1593 4014 1658 ἀνάγκης

2430 1690 2666 1741 δίδωσιν.
2718 1690 2950 1752 Ἐκεῖνος
2999 1688 3107 1759 γὰρ
3140 1691 3299 1758 ἀρκεῖ
3340 1687 3693 1740 καταϐάλλων
3734 1686 3761 1736 ό
3823 1683 4014 1735 πλεον-

2433 1778 2779 1849 εκτούμενος,
2825 1781 2919 1833 καὶ
2971 1781 3142 1842 διδοὺς
3202 1780 3259 1845 ἐξ
3316 1780 3559 1847 ἀνάγκης
3609 1776 3753 1843 ᾶπερ
3793 1775 4014 1827 ἐπλεον-

2436 1873 2654 1943 έκτησε.
2683 1875 2795 1927 Νῦν
2818 1876 2872 1928 δὲ
2904 1875 3155 1945 ἀφορμὴν
3190 1874 3318 1942 ύμῖν
3374 1872 3643 1941 σωτηρίας
3670 1873 3703 1939 ἡ
3728 1870 3895 1929 δόσις.

758 1957 1021 2028 abjiciens
1089 1970 1142 2014 et
1209 1975 1273 2014 ex
1332 1961 1659 2016 necessitate
1714 1961 1854 2017 dans
1926 1976 1988 2015 ea
2055 1975 2175 2029 quas
2242 1975 2408 2017 avaro
2459 1967 2645 2021 animo
2711 1966 3163 2037 possidebatzat
3235 1978 3382 2017 nune
3453 1964 3605 2016 vobis
3663 1958 3882 2014 occasio
3931 1967 4007 2011 est

756 2046 951 2102 Salutis
981 2047 1095 2116 ipsa
1121 2051 1488 2105 muniﬁcentia
1516 2065 1569 2106 et
1588 2052 1835 2107 donatio.

825 2137 993 2210 668
1020 2138 1111 2197 IX.
1147 2140 1263 2195 6-9.
1321 2140 1433 2195 Hoc
1473 2158 1645 2196 autem
1675 2159 1692 2196 :
1724 2144 1828 2209 Qui
1852 2160 2007 2211 parre
2040 2158 2317 2201 sementem

756 2228 907 2298 facit,
935 2232 978 2280 is
1015 2247 1171 2298 parte
1195 2250 1459 2286 messurus
1491 2245 1589 2287 est.
1622 2235 1684 2286 Ft
1715 2238 1804 2300 qui
1865 2248 2141 2289 sementem
2195 2240 2322 2306 facit

757 2323 812 2372 in
845 2324 1257 2390 magniﬁcentia,
1297 2327 1505 2391 copiose
1546 2344 1810 2378 messurus
1845 2340 1938 2388 Cal,
1971 2332 2324 2396 unusquisque

757 2410 911 2467 iuxta
942 2415 1260 2480 propositum
1295 2418 1491 2476 cordis,
1538 2434 1637 2467 non
1667 2434 1729 2467 cx
1761 2436 1978 2470 mu'rore
2009 2431 2098 2470 aut
2127 2437 2190 2473 ea:
2235 2439 2322 2474 ne—

763 2504 1043 2555 cessitate:
1074 2521 1195 2555 nam
1226 2507 1441 2557 hilarem
1471 2507 1707 2559 datorem
1743 2509 1911 2576 diligit
1943 2511 2098 2565 Deus.
2133 2513 2323 2567 Potens

757 2605 832 2647 est
875 2607 1046 2648 autem
1075 2597 1208 2650 Deus
1271 2600 1451 2665 (ﬁcere,
1479 2604 1717 2653 utonmis
1747 2605 1920 2669 gratia
1944 2607 1994 2655 in
2024 2622 2110 2658 vas
2133 2609 2324 2661 erube-

757 2696 856 2746 ret,
891 2691 1012 2738 utin
1038 2691 1272 2742 omnibus
1327 2708 1527 2757 semper
1575 2711 1775 2745 omnem
1830 2697 2194 2762 sufﬁcientiam
2228 2700 2326 2750 Im-

754 2775 930 2829 bentes
970 2780 1257 2832 exuberetis
1290 2783 1340 2831 in
1384 2798 1533 2834 omne
1564 2799 1689 2847 opus
1739 2786 1949 2846 bonum,
1992 2792 2327 2855 quemadmo-

756 2866 881 2919 dum
918 2872 1170 2931 scn'ptum
1208 2884 1329 2924 est:
1362 2873 1635 2940 Dispersit,
1682 2876 1821 2928 dedit
1878 2879 2327 2949 pauperibus,ju-

757 2958 904 3008 stitia
935 2960 1047 3025 ejus
1083 2970 1256 3012 manet
1292 2963 1347 3013 in
1373 2965 1647 3015 circulum.
1695 2982 1712 3013 ι

826 3059 1016 3126 Parce,
1053 3065 1248 3131 inquit,
1279 3074 1333 3117 et
1376 3072 1627 3120 tenuiter.
1664 3088 1681 3119 ι
1720 3069 1830 3123 Hoc
1866 3078 2068 3125 autem.
2098 3090 2116 3121 ›
2157 3070 2325 3139 Opus.

758 3153 959 3221 inquit.
1001 3156 1361 3226 eleemosynaa
1396 3159 1448 3211 in
1480 3162 1625 3213 hunc
1685 3163 1904 3214 modum
1937 3176 1996 3215 se
2046 3162 2227 3216 habet.
2265 3162 2330 3217 Et

756 3242 1016 3312 deinceps
1051 3260 1239 3299 semen
1278 3249 1411 3303 illud
1455 3251 1714 3319 appellat,
1751 3264 1806 3305 ut
1837 3252 1901 3304 ad
1963 3268 2199 3307 messem
2243 3267 2330 3309 re-

759 3335 1065 3404 spicientes
1100 3347 1153 3392 et
1183 3346 1326 3408 quod
1364 3342 1410 3395 is
1448 3343 1541 3411 qui
1581 3344 1755 3396 multa
1784 3354 2071 3412 autpauca
2104 3347 2329 3399 semina-

2508 2147 2687 2201 Τοῦτο
2707 2146 2771 2197 δέ
2799 2162 2812 2175 ’
2862 2146 2923 2196 '0
2947 2146 3209 2211 σπείρων
3235 2143 3617 2211 φειδομένως,
3650 2140 4014 2209 φειδυμένως

2428 2239 2522 2289 καὶ
2571 2236 2809 2300 θερίσει.
2856 2234 2959 2285 Καὶ
3002 2235 3033 2284 ὁ
3087 2231 3348 2298 σπείρων
3412 2230 3503 2281 ἐπ’
3530 2230 3859 2295 εὐλογίαις,
3910 2228 4012 2279 ἐπ’

2427 2329 2732 2390 εὐλογίαις
2766 2325 2859 2377 καὶ
2888 2326 3128 2387 θερίσει.
3152 2323 3409 2387 ἕκαστος
3424 2320 3615 2384 καθὼς
3646 2317 4015 2385 προαιρεῖται

2427 2419 2499 2485 τῇ
2536 2417 2766 2483 καρδίῃ,
2816 2415 2900 2482 μὴ
2931 2417 2996 2467 ἐκ
3018 2418 3217 2479 λύπης
3260 2414 3295 2480 ἣ
3334 2413 3401 2476 ἐξ
3434 2412 3723 2479 ἀνάγκης.
3769 2410 4016 2476 ἰλιιρὲιν

2427 2512 2533 2577 γὰρ
2564 2509 2748 2572 δότην
2782 2506 2979 2574 ἀγαπᾷ
3011 2510 3042 2559 ό
3076 2507 3237 2569 Θεός.
3263 2505 3526 2567 Δυνατὸς
3556 2503 3622 2555 δὲ
3646 2505 3676 2555 ὀ
3712 2502 3857 2566 Θεὸς
3910 2500 4017 2553 πᾶ-

2428 2616 2548 2651 σαν
2581 2597 2754 2665 χάριν
2776 2596 3172 2665 περισσεῦσαι
3204 2597 3288 2659 εις
3324 2593 3496 2663 ὑμᾶς,
3549 2595 3649 2647 ἵνα
3702 2594 3772 2645 ἐν
3831 2593 4013 2643 παντί

2428 2692 2683 2745 πάντοτε
2763 2689 2970 2745 πᾶσαν
3035 2689 3392 2754 αὐτάρκειαν
3479 2688 3743 2755 ἔχοντες,
3808 2699 4019 2750 περισ-

2426 2783 2644 2840 σεύητε
2668 2783 2753 2841 εις
2788 2779 2910 2832 πᾶν
2925 2780 3102 2846 ἔργον
3131 2776 3375 2846 ἀγαθόν,
3430 2776 3615 2838 καθὼς
3667 2775 4011 2843 γέγραπται-

2440 2871 2851 2936 Ἐσκόρπισεν,
2877 2868 3058 2921 ἔδωκε
3090 2869 3211 2933 τοῖς
3241 2868 3525 2933 πένησιν,
3568 2866 3605 2931 ἡ
3646 2865 4010 2926 δικαιοσύνη

2428 2960 2614 3015 αὑτοῦ
2646 2963 2811 3028 μένει
2834 2964 2919 3025 εἷς
2940 2960 3044 3013 τόν
3064 2959 3272 3013 αΙῶνα.

2496 3067 2796 3131 Φειδωλῶς,
2826 3068 2981 3137 φησὶ,
3011 3068 3103 3119 καὶ
3134 3065 3359 3127 κνιπῶς.
3386 3084 3405 3115 ι
3443 3063 3615 3117 Τοῦτο
3644 3064 3728 3128 δὲ,
3776 3084 3793 3115 ι
3835 3065 3899 3116 τὸ
3915 3065 4015 3132 τῆς

2431 3157 3029 3227 ὲλεημοσύνης,φησὶν,
3060 3157 3233 3217 οὕτως
3281 3156 3394 3225 ἔχει
3442 3157 3668 3225 τρόπου.
3737 3158 3856 3209 Καὶ
3899 3157 4011 3207 λοιο

2430 3249 2529 3300 πδν
2565 3249 2764 3318 σπόρον
2796 3251 2925 3302 αὐτὸ
2955 3250 3112 3301 καλεῖ
3138 3250 3226 3300 ἵνα
3245 3249 3381 3317 πρὸς
3402 3248 3489 3299 τὸν
3522 3248 3733 3315 ἀμητδν
3789 3248 4016 3300 ἀπιδόν-

2430 3358 2540 3403 τες,
2571 3342 2664 3396 καὶ
2688 3343 2821 3394 ὄτιό
2854 3341 3085 3409 σπείρας
3131 3341 3300 3393 πολλὰ
3361 3340 3453 3393 καὶ
3495 3339 3673 3404 ὀλίγα,
3729 3339 4016 3406 ἀναλόγως

760 3434 927 3494 verit,
953 3435 1108 3500 juxta
1137 3435 1541 3501 proportionem
1576 3452 1861 3490 messurus
1896 3438 1987 3495 sit.
2022 3440 2325 3505 promptio-

2431 3420 2657 3501 θερίζει,
2690 3430 3089 3502 προθυμότεροι
3118 3430 3251 3498 πρὸς
3276 3430 3375 3499 τὴν
3411 3430 3675 3497 εἰσφορὰν
3719 3431 4012 3493 γένωνται.

757 3538 848 3578 res
901 3522 1032 3577 [iant
1062 3522 1126 3575 ad
1161 3524 1529 3578 collationem.
1570 3546 1587 3573 σ
1629 3524 1692 3578 Et
1728 3529 1819 3595 qui
1860 3537 2163 3582 sementem
2195 3528 2327 3586 facit

759 3615 812 3667 in
862 3614 1283 3681 magniﬁcentia.
1355 3630 1375 3663 ι
1409 3613 1636 3667 Abunde
1672 3656 1687 3679 ,
1745 3616 1942 3686 inquit,
1988 3624 2042 3670 et
2082 3617 2322 3687 largiter.

763 3717 783 3751 ι
851 3699 1241 3771 Unusquisque
1296 3703 1452 3772 juxta
1504 3706 1840 3772 propositum
1917 3707 2121 3763 cordis.
2166 3726 2184 3760 ι
2246 3708 2326 3763 Ad

763 3791 944 3857 priora
981 3792 1138 3857 redit,
1165 3793 1357 3847 dicens
1385 3795 1812 3862 propemodum.
1847 3795 1919 3849 Ea
1955 3797 2173 3866 quidem
2205 3812 2327 3866 quae

758 3882 827 3937 de
863 3884 1207 3955 eleemosyua
1273 3884 1381 3938 dici
1419 3894 1636 3955 oportet
1688 3885 1802 3940 haec
1836 3896 1963 3941 sunt
2011 3905 2024 3943 :
2067 3898 2324 3959 caeterum

759 3976 1138 4044 unusquisque
1191 3976 1262 4029 ita
1311 3978 1516 4031 tribuat
1566 3977 1728 4031 sicuti
1788 3980 2091 4047 proposuit.
2143 3999 2161 4031 ι
2208 3980 2324 4034 Non

757 4082 820 4119 ex
858 4082 1110 4121 nimi-ore.
1149 4087 1168 4119 ι
1203 4068 1319 4121 Non
1353 4069 1498 4123 enim
1533 4068 1762 4123 avaritia
1809 4079 1902 4123 aut
1938 4071 2146 4124 lucrum
2180 4088 2328 4140 qua:-

758 4154 1009 4209 rendum.
1056 4173 1075 4207 ι
1127 4156 1234 4209 Aut
1262 4172 1326 4209 ex
1387 4157 1728 4212 necessitate.
1768 4175 1788 4208 ι
1850 4156 2128 4213 Neminem
2180 4160 2325 4213 enim

758 4244 1030 4313 cogimus,
1096 4247 1294 4315 inquit.
1339 4248 1398 4301 In
1450 4250 1827 4314 superioribus
1879 4265 2113 4319 namque
2153 4250 2326 4304 dixit:

762 4353 781 4385 ι
820 4333 940 4391 Non
990 4335 1309 4407 imperando
1335 4335 1534 4406 loquor
1564 4338 1611 4369 "
1644 4354 1659 4403 ;
1693 4355 1711 4388 ι
1741 4345 1798 4391 et
1838 4353 2052 4391 rursum
2079 4355 2095 4393 :
2136 4356 2154 4390 ι
2182 4337 2327 4392 Con-

758 4424 939 4479 silium
1016 4434 1198 4481 antem
1271 4424 1341 4482 do
1383 4427 1453 4483 ".
1497 4445 1623 4479 x—s
1683 4426 1818 4482 Nam
1875 4428 2099 4483 hilarem
2170 4428 2327 4483 dato-

757 4529 871 4570 rem
903 4513 1079 4584 diligit
1105 4513 1269 4571 Deus.
1308 4536 1327 4568 ι
1358 4502 1698 4573 Testimonio
1753 4534 1979 4590 quoque
2037 4519 2327 4575 conﬁrmat

757 4607 900 4676 quod
923 4623 986 4661 ex
1030 4624 1263 4663 maerore
1290 4609 1422 4663 dare
1474 4626 1581 4663 non
1646 4621 1914 4680 opor;eat,
1949 4631 1967 4663 ι
2047 4610 2117 4667 Ut
2144 4614 2325 4668 omnis

758 4697 933 4763 gratia
970 4698 1023 4750 in
1060 4712 1155 4751 vos
1174 4701 1459 4752 exuberet.
1496 4718 1513 4750 ι
1547 4699 1757 4763 Omnis,
1786 4700 1983 4769 inquit,
2016 4703 2188 4766 gratia
2211 4708 2322 4755 tam

758 4788 1125 4857 spiritualium
1158 4804 1319 4855 quam
1377 4792 1678 4843 carnalium
1732 4807 1938 4852 rerum,
2004 4800 2061 4844 ut
2112 4793 2326 4846 abunde

760 4878 983 4947 possitis
1016 4879 1270 4934 tribuere.
1300 4878 1406 4935 Aut
1429 4882 1572 4949 quod
1598 4890 1779 4949 potest
1810 4880 1953 4935 Deus
1974 4921 1989 4946 ,
2023 4882 2177 4937 vobis
2204 4897 2326 4938 car-

757 4970 903 5022 nalia
945 4984 1007 5023 ac
1027 4985 1191 5039 parva
1219 4972 1607 5037 tribuentibus,
1663 4972 1966 5041 spiritualia
2024 4988 2327 5043 magnaque

758 5061 1076 5129 rependere,
1101 5070 1157 5115 et
1191 5061 1370 5117 facere
1398 5072 1454 5117 ut
1487 5065 1803 5119 exuberent.
1832 5065 1952 5118 Non
2004 5065 2203 5129 solum,
2242 5066 2325 5119 in-

759 5154 915 5223 quit,
975 5154 1222 5224 implere,
1292 5171 1479 5209 verum
1527 5158 1692 5210 etiam
1751 5156 1892 5209 ultra
1941 5158 2322 5210 necessitatem

760 5250 912 5305 dare.
949 5267 977 5300 α
1004 5245 1230 5303 Omnem
1283 5248 1681 5302 sumcicntiam.
1726 5268 1743 5300 ι
1780 5247 2083 5303 Considera
2116 5249 2331 5315 sapien-

763 5344 917 5398 tiam.
947 5344 1007 5397 ln
1048 5343 1363 5397 carnalibus
1394 5341 1775 5396 sufﬁcientiam
1828 5341 1961 5404 ipsis
2031 5350 2325 5410 precatur:

762 5437 819 5483 at
874 5430 927 5482 in
960 5430 1334 5497 spiritualibus
1376 5429 1787 5483 exuberantiam
1846 5441 1900 5483 et
1976 5430 2333 5498 opulentiam.

762 5515 1053 5585 Dispersit,
1080 5519 1229 5574 dedit
1251 5522 1600 5589 pauperibus.
1643 5521 2017 5590 iJPrupbetam
2044 5522 2126 5576 eis
2163 5521 2328 5575 addu-

766 5609 842 5663 cit
868 5609 933 5663 ad
956 5610 1339 5666 liberalitatem
1380 5612 1783 5667 adhortantem.
1825 5614 1964 5667 Nam
2021 5614 2335 5684 dispergere

871 5788 918 5821 "
952 5788 994 5841 ll
1027 5791 1156 5846 Cor.
1185 5806 1301 5856 νιιι,
1335 5791 1388 5846 8.
1491 5789 1537 5823 ”
1568 5789 1708 5846 Ibid.
1745 5792 1829 5847 10.

2437 3542 2456 3574 ι
2486 3525 2594 3576 Καὶ
2631 3523 2660 3575 ό
2712 3522 2949 3592 σπείρων
2973 3524 3057 3573 ἐπ’
3085 3520 3375 3588 εὐλογίαις.
3420 3541 3438 3572 ι
3506 3522 3668 3575 Μετὰ
3702 3522 4013 3591 δαψιλείας,

2430 3615 2582 3682 φησὶ,
2624 3614 2718 3665 καὶ
2750 3614 3060 3683 ἁδρότητος.
3116 3632 3133 3663 ι
3177 3612 3449 3673 Ἕκαστος
3499 3612 3680 3674 καθὼς
3722 3615 4013 3683 προαιρεῖ-

2428 3718 2517 3756 ται
2541 3705 2605 3773 τῇ
2638 3703 2857 3772 καρδίᾳ.
2895 3722 2912 3754 ι
2972 3702 3098 3754 Ἐπὶ
3128 3703 3187 3755 τὸ
3218 3705 3486 3771 πρότερον
3532 3704 3695 3756 πάλιν
3719 3699 3878 3774 ἦλθε,
3912 3721 4015 3771 μο-

2430 3794 2581 3846 νονοὺ
2609 3794 2765 3846 τοῦτο
2792 3794 3097 3861 λέγωνοτὰ
3133 3795 3231 3865 μὲν
3276 3795 3594 3865 λαλὴθῆναι,
3660 3796 3818 3864 φησὶ,
3888 3797 4016 3865 περὶ

2428 3884 2795 3954 ἑλεημοσύνης
2827 3886 3138 3954 ὀφείλοντα,
3173 3885 3368 3949 ταῦτα,
3400 3887 3537 3954 πλὴν
3566 3885 3746 3947 καθὼς
3777 3886 4017 3949 ἕκαστος

2430 3980 2795 4048 προαιρεῖται,
2830 3978 3000 4040 οὕτως
3038 3977 3244 4031 διδότω.
3307 3996 3325 4029 ι
3371 3978 3461 4047 Μὴ
3522 3980 3584 4030 ὲκ
3634 3978 3834 4047 λύπης.
3882 3998 3899 4027 ι
3938 3978 4014 4031 Οὐ

2429 4069 2670 4138 γάρὲστι
2696 4068 3003 4133 πλεονεξία.
3038 4086 3057 4119 ι
3112 4068 3263 4137 Μηδὲ
3319 4069 3379 4133 ἐξ
3446 4069 3708 4139 ἀνάγκης.
3745 4088 3765 4119 ι
3797 4070 3874 4121 03
3908 4070 4015 4136 γὰρ

2432 4161 2750 4230 βιαζόμεθα,
2796 4161 2952 4231 φησὶ,
3008 4160 3147 4213 τινα.
3213 4156 3346 4212 Eius
3396 4160 3503 4225 γὰρ
3534 4162 3665 4221 ἄνω,
3710 4177 3729 4208 ι
3773 4160 3852 4211 Οὐ
3888 4162 4013 4211 κατ’

2429 4252 2694 4323 ἐπιταγὴν
2731 4251 2896 4320 λέγω.
2924 4270 2943 4303 ι
2971 4250 3081 4304 Καὶ
3118 4250 3298 4311 πάλιν,
3338 4269 3356 4301 ‹
3390 4248 3615 4318 Γνώμην
3642 4248 3697 4300 δὲ
3730 4248 3951 4317 δίδωμι.
3991 4268 4011 4299 ι

2427 4372 2497 4384 -
2532 4362 2548 4393 ι
2598 4342 2805 4411 Ἱλαρὸν
2837 4342 2946 4411 γὰρ
2962 4340 3122 4410 δότην
3158 4341 3397 4409 ἀγαπᾷό
3423 4339 3577 4400 Θεός,
3614 4358 3634 4390 ι
3696 4339 3809 4391 Καὶ
3867 4356 4015 4408 μαρ-

2427 4432 2589 4504 τυρία
2623 4432 2849 4503 βεϐαιοῖ,
2874 4432 2933 4485 τὸ
2954 4433 3028 4503 μὴ
3066 4433 3176 4485 δεῖν
3203 4433 3266 4483 ἐκ
3304 4430 3481 4499 λύπης
3510 4429 3743 4483 διδόναι.
3788 4448 3808 4481 ι
3841 4431 4017 4483 Πνευο

2436 4526 2679 4596 ματικῶν
2732 4542 2810 4588 τε,
2880 4527 3035 4593 φησι,
3086 4524 3180 4578 καὶ
3236 4524 3513 4595 σαρκικῶν
3579 4524 3952 4592 πραγμάτων,
3993 4544 4011 4575 ι

2429 4618 2569 4670 ὥστε
2587 4617 2846 4671 δύνασθαι
2885 4618 3031 4684 ὑμᾶς
3061 4616 3298 4685 δαψιλῶς
3333 4616 3694 4683 μεταδιδόναι,
3746 4616 3781 4683 ἢ
3812 4618 3899 4668 ὅτι
3928 4616 4017 4669 δύ-

2430 4725 2587 4762 ναται
2616 4708 2644 4760 ό
2683 4706 2835 4769 Θεὸς,
2868 4706 3025 4776 ὑμῶν
3070 4706 3308 4775 σαρκικὰ
3368 4708 3461 4758 καὶ
3514 4704 3687 4773 μικρὰ
3735 4704 4016 4769 διδόντων,

2433 4799 2778 4867 πνευματικὰ
2830 4798 2922 4849 καὶ
2998 4798 3209 4866 μεγάλα
3264 4795 3592 4854 ἀντιδοῦναι.
3657 4795 3754 4847 καὶ
3814 4811 4018 4864 περισ-

2436 4888 2645 4943 σεῦσαι.
2688 4889 2764 4941 Οὐ
2802 4889 2979 4956 μόνον,
3017 4889 3169 4956 φησι,
3207 4887 3512 4954 πληρῶσαι,
3542 4884 3677 4938 ἀλλὰ
3714 4886 3816 4939 καὶ
3878 4888 4016 4957 ὑπὲρ

2433 4980 2529 5050 τὴν
2559 4978 2747 5049 χρείαν
2779 4978 2981 5031 δοῦναι.
3020 4996 3037 5029 ι
3068 4979 3251 5031 Πᾶσιν
3286 4978 3634 5046 αὐτάρκειαν.
3678 4994 3697 5027 ι
3745 4976 3898 5045 ’Ὅρα
3930 4993 4019 5028 σο-

2434 5070 2583 5137 φίαν·
2636 5069 2725 5120 Ἐν
2782 5070 2894 5129 τοῖς
2925 5070 3205 5138 σαρκικοῖς
3229 5067 3561 5134 αὐτάρκειαν
3604 5066 3793 5129 αὐτοῖς
3852 5069 4018 5119 ἐπευ-

2435 5162 2684 5230 χόμενος,
2718 5160 2775 5211 ὲν
2803 5162 2913 5223 τοῖς
2972 5162 3364 5225 πνευματικοῖς
3404 5158 3720 5226 περισσείαν
3772 5158 3874 5211 καὶ
3923 5175 4019 5212 πε-

2437 5251 2679 5321 ριουσίαν
2695 5247 2937 5318 εὔχεται.
2962 5268 2981 5300 ι
3025 5248 3399 5317 Ἐσκόρπισεν,
3416 5248 3584 5300 ἔδωκε
3598 5250 3711 5308 τοῖς
3737 5249 3963 5317 πένησι.
3994 5268 4012 5299 ι

2436 5342 2540 5394 Τὸν
2563 5344 2845 5412 προφήτην
2912 5341 3095 5403 αὐτοῖς
3150 5340 3424 5409 ιφίστησι,
3478 5338 3761 5408 δαψίλειαν
3810 5356 4014 5409 παραις

2441 5433 2652 5488 νοῦντα.
2725 5432 2799 5484 Te
2845 5426 2971 5502 γὰρ,
3046 5433 3364 5501 σκορπίσαι,
3404 5431 3689 5500 δαψίλειας
3754 5448 4020 5499 σημαντιο

2445 5524 2559 5577 κόν.
2634 5541 2651 5574 ι
2693 5522 2757 5575 Ἦ
2809 5522 3123 5593 δικαιοσύνη
3196 5521 3382 5578 αὐτοῦ.
3426 5542 3443 5575 ι
3511 5521 3756 5583 Δικαὶους
3817 5522 3930 5591 γὰρ
3981 5523 4016 5588 ἡ

2448 5614 2777 5686 ὶλεημοσύνη
2855 5617 3018 5682 ποιεῖ,
3060 5614 3247 5684 ὥσπερ
3335 5613 3443 5685 πῦρ
3525 5613 3867 5684 καθαίρουσα
3952 5614 4017 5664 τὰ
