4192 6458
142 392 279 457 1025

1060 392 1449 456 COMMENT.
1492 393 1573 453 ΙΝ
1597 393 1837 454 EPIST.
1884 396 1941 453 Il
1986 399 2085 455 AD
2124 398 2487 458 CORiNTH.

3275 403 3418 477 102.6

144 501 610 573 πλημμελήματα.
641 520 661 556 ι
697 502 867 557 Μένει
916 501 995 566 είς
1021 500 1113 557 τὸν
1142 504 1336 562 αιῶνα.
1380 525 1399 557 ι
1437 504 1725 560 Οὐδέποτε

1836 505 2257 576 signiﬁcativum
2291 518 2375 563 est
2426 507 2823 565 exuberantia.
2862 526 2885 563 ι
2930 507 3157 568 Iustitia
3208 513 3350 583 eius.
3388 534 3410 568 ι

140 592 247 662 γὰρ
276 592 589 647 σϐέννυται.

225 910 278 961 Ὀ
301 908 372 963 δὲ
422 910 802 979 ἐπιχορηγῶν
856 910 1098 981 σπέρμα
1142 910 1222 978 τῷ
1264 910 1573 980 σπείροντι
1625 913 1720 966 καί

137 999 327 1062 άρτον
369 1003 451 1063 είς
515 999 778 1067 βρῶσιν,
835 1000 1171 1071 χορηγῆσαι
1230 1003 1328 1057 καί
1403 1005 1711 1072 πληθύν-αι

139 1092 246 1143 τὸν
296 1092 530 1161 σπόρον
565 1080 883 1164 ὑμῶν,’καὶ
945 1094 1212 1161 αὐξῆσαι
1264 1096 1337 1151 τὰ
1384 1096 1728 1166 γεννήματα

141 1180 248 1249 τῆς
287 1184 684 1253 δικαιοσύνης
711 1185 899 1256 ὑμῶν,
930 1185 1002 1242 ἐν
1037 1189 1219 1242 παντὶ
1245 1178 1725 1259 πλουτιζόμενοι,

139 1279 224 1340 είς
304 1275 512 1329 ,πᾶσαν
562 1279 877 1345 ἁπλότητα
909 1320 924 1345 ,
997 1278 1131 1347 ἥτις
1182 1280 1593 1349 κατεργάζεται
1648 1282 1725 1336 δι’

140 1364 310 1434 ἡμῶν
340 1369 735 1434 εὐχαριστίαν
762 1365 842 1432 τῷ
872 1368 1015 1433 Θεῷ.
1039 1369 1167 1422 ὀτι
1207 1370 1246 1438 ἡ
1294 1369 1571 1423 διακονία
1623 1370 1731 1439 τῆς

138 1460 767 1527 λειτουργίας-ταύτης,
784 1461 858 1514 οὐ
878 1462 1074 1528 μόνον
1099 1462 1234 1515 ἐστι
1292 1468 1732 1531 προσαναπλη-

1832 597 1967 651 Nam
2006 600 2190 667 justos
2218 600 2562 672 elecmosyna
2594 604 2729 657 facit
2764 603 2832 667 ",
2870 602 3071 659 delicta
3101 604 3157 659 in
3191 606 3415 661 modum

1830 690 1973 758 ignis
2002 694 2323 760 purilicans.
2361 711 2377 741 ι
2422 692 2678 748 Manetin
2715 695 3003 750 saculum.
3049 716 3069 749 ι
3119 696 3415 767 Nunquam

1830 781 1976 835 enim
2010 785 2400 852 exstinguitur.

1902 910 1993 976 1X,
2024 911 2214 965 10-15.
2262 914 2428 968 Porro
2464 917 2555 985 qui
2587 917 2891 985 suppeditat
2915 936 3090 974 nmen
3132 922 3417 976 seminanti

1830 1012 1881 1056 et
1917 1018 2105 1071 panem
2141 1007 2406 1066 incibum,
2442 1013 2484 1061 is
2514 1009 2808 1078 suppeditet
2838 1028 2899 1063 ac
2920 1011 3423 1084 multiplicum

1834 1103 2115 1145 sementem
2156 1105 2408 1154 vestram.
2465 1107 2511 1149 et
2543 1097 2989 1166 augeatfructum
3040 1099 3277 1166 justitiat
3330 1115 3418 1155 oe-

1832 1194 1979 1248 strw,
2014 1197 2066 1237 ut
2103 1187 2155 1240 in
2192 1188 2433 1240 omnibus
2459 1187 2851 1254 locupletemini
2882 1191 2937 1243 in
2964 1205 3171 1245 omnem
3195 1191 3420 1246 sinceri-

1837 1285 1997 1329 tatem
2026 1294 2142 1344 qua
2166 1294 2258 1346 per
2288 1295 2381 1331 nos
2407 1280 2584 1345 e/fecit
2637 1290 2696 1333 ut
2746 1282 2941 1351 gratia
2999 1292 3230 1351 agantur
3284 1281 3415 1338 Deo.

1838 1367 1981 1422 Nam
2019 1370 2222 1437 [unctio
2257 1370 2370 1437 ejus
2399 1372 2684 1425 ministerii
2735 1388 2839 1426 non
2872 1374 3044 1426 solum
3101 1373 3302 1442 supplet
3350 1388 3418 1428 ω

1835 1478 1952 1532 qua:
1998 1461 2184 1516 desunt
2215 1464 2439 1525 sanctis,
2503 1477 2680 1516 verum
2721 1466 2880 1517 etiam
2934 1466 3183 1518 exuberat
3227 1464 3284 1517 in
3321 1463 3419 1518 hoc

137 1549 333 1613 ροῦσα
396 1552 470 1604 τὰ
550 1550 943 1620 ὑστερήματα
975 1553 1120 1605 ’τῶν
1166 1553 1371 1623 ἁγίων,
1433 1554 1597 1608 ἀλλὰ
1634 1556 1730 1608 καὶ

1838 1554 1977 1623 quod
2001 1570 2093 1621 per
2121 1554 2316 1607 multos
2346 1556 2539 1625 gratia
2578 1564 2812 1625 agantur
2856 1555 2987 1619 Deo,
3019 1557 3110 1626 qui
3153 1572 3248 1626 per
3291 1571 3421 1626 pro-

139 1643 595 1711 περισσεύουσα
624 1642 724 1698 διὰ
758 1642 1010 1699 πολλῶν
1025 1645 1425 1715 εὐχαριστιῶν
1469 1646 1550 1712 τῷ
1587 1646 1730 1713 Θεῷ,

137 1733 235 1786 διὰ
268 1733 381 1800 τῆς
427 1732 684 1803 δοκιμῆς
744 1734 854 1803 τῆς
912 1735 1225 1797 διακονίας
1279 1738 1503 1814 ταύτης
1555 1736 1733 1802 δοξά-

138 1824 342 1888 ζοντες
372 1826 477 1877 τὸν
533 1826 705 1888 Θεὸν,
728 1826 829 1878 ἐπὶ
851 1824 926 1893 τῇ
950 1825 1234 1895 ὑποτατῇ
1269 1825 1384 1895 τῆς
1408 1830 1737 1898 ὁμολογίας

140 1914 309 1983 ὑμῶν
336 1917 424 1981 εις
457 1915 525 1968 τὸ
556 1916 923 1985 Euan-utor
938 1917 1043 1972 τοῦ
1070 1918 1347 1987 Χριστοῦ.

229 2029 319 2081 Ἐν
351 2029 519 2098 εἱχῆς
556 2028 1020 2094 τάξειαινίττεται
1060 2033 1120 2085 τὸ
1149 2033 1223 2104 μὴ
1257 2033 1365 2087 δεῖν
1397 2034 1619 2107 δειλιᾷν,
1656 2036 1730 2106 μή

140 2135 259 2181 πως
304 2116 427 2181 δούς
450 2135 534 2181 τις
562 2118 756 2184 πολλὰ,
785 2120 950 2184 αὑτὸς
990 2120 1175 2191 ἐνδεὴς
1213 2123 1436 2193 εὑρεθῇ.
1498 2124 1556 2176 '0
1617 2123 1728 2193 γὰρ

140 2210 364 2279 σπέρμα
421 2215 679 2281 χορηγῶν
742 2210 878 2276 Θεὸς
926 2211 1006 2280 τῷ
1056 2214 1151 2267 τὸν
1205 2215 1461 2282 αἰσθητὸν
1519 2216 1723 2286 σπόρον

140 2302 443 2370 σπείροντι,
478 2303 573 2355 καὶ
604 2302 666 2354 τὸ
688 2301 852 2372 σῶμα
878 2304 1097 2374 τρέφων
1127 2306 1297 2376 ἄρτῳ,
1337 2308 1452 2370 πῶς
1481 2308 1547 2361 ἃν
1580 2310 1724 2378 άμε-

98 2384 327 2462 ’λήσειε
379 2392 476 2445 τοῦ
537 2392 634 2447 τὸν
684 2396 1054 2465 πνευματικὸν
1106 2398 1426 2467 σπείραντος
1478 2400 1722 2469 σπόρον;

144 2506 166 2538 ι
195 2488 521 2558 Χορηγήσαι
566 2493 662 2543 καὶ
691 2490 989 2561 πληθύναι.
1032 2511 1051 2544 ι
1084 2494 1458 2565 Χορηγήσειεν
1479 2497 1607 2565 ὑμῖν
1662 2495 1732 2548 τὰ

149 2579 396 2649 σαρκικὰ
431 2578 692 2650 δαψιλῶς,
719 2582 809 2635 ῐνα
838 2583 1117 2655 πληθυνθῇ
1161 2586 1255 2639 καὶ
1308 2588 1342 2657 ἡ
1390 2586 1729 2659 ἐλεημοσύνη

140 2672 320 2739 ὑμῶν.
354 2671 570 2743 Ταύτην
593 2674 703 2744 γὰρ
732 2674 829 2728 νῦν
906 2677 1110 2745 σπόρον
1146 2678 1299 2747 φησι.
1359 2696 1378 2729 ι
1421 2679 1532 2731 Καὶ
1562 2680 1730 2749 αὺξή-

143 2782 237 2817 σαι
255 2766 326 2818 τὰ
356 2766 697 2835 γεννήματα.
746 2785 768 2819 ι
814 2768 909 2820 Ἐκ
942 2770 1051 2839 γὰρ
1080 2770 1176 2822 τοῦ
1230 2769 1330 2839 τῆς
1360 2770 1730 2840 έλεημοσύνης

142 2857 376 2927 σπόρου,
400 2858 553 2924 αὔξει
577 2861 929 2932 δικαιοσύνης
962 2866 1298 2932 γεννήματα.
1344 2867 1632 2935 Τροπικῶς
1672 2867 1730 2919 δὲ

141 2946 243 3000 ὅλα
271 2944 448 3002 εἶπεν.
490 2968 508 3001 ι
546 2950 707 3013 Ἦτις
769 2953 1173 3022 κατεργάζεται
1224 2952 1295 3004 δι’
1348 2954 1523 3022 ἡμῶν.
1564 2972 1583 3003 ι
1633 2954 1729 3016 Εἰς

142 3036 373 3105 ταύτην,
403 3039 562 3107 φησὶ,
590 3039 693 3109 τὴν
725 3039 1004 3109 ἁπλότητα
1046 3042 1140 3093 καὶ
1178 3041 1461 3110 δαψίλειαν
1515 3042 1731 3094 πλουτι-

145 3124 385 3194 σθείητε,
456 3128 583 3195 ἥτις
624 3127 1027 3198 κατεργάζεται
1066 3130 1134 3182 δι’
1196 3130 1352 3200 ἡμῶν
1382 3131 1731 3199 εὐχαριστίαν

1762 1890 1811 1949 Β

1842 1646 2023 1699 batum
2052 1645 2149 1699 hoc
2172 1645 2525 1700 ministerium
2553 1646 2864 1717 gloriﬁcant
2896 1647 3083 1713 Deum,
3108 1664 3267 1718 super
3296 1647 3420 1704 obe-

1842 1737 2045 1791 dientia
2076 1737 2421 1806 confessionis
2450 1749 2636 1792 vestra:
2663 1738 2719 1792 in
2736 1737 3085 1810 anngelium
3115 1738 3340 1795 Christi.

1907 2032 1964 2087 In
2012 2033 2277 2089 orationis
2326 2034 2523 2089 ordine
2568 2017 2779 2090 indicat
2831 2050 2940 2090 non
2984 2044 3247 2108 .oportere
3298 2053 3419 2095 rne-

1835 2130 2009 2186 tuere,
2058 2138 2125 2178 ne
2173 2125 2449 2193 quomodo
2485 2124 2531 2181 is
2562 2125 2655 2195 qui
2692 2127 2863 2180 multa
2912 2127 3124 2191 tribuit,
3168 2129 3418 2204 indigere

1833 2214 2164 2269 inveniatur.
2199 2215 2334 2269 Nam
2374 2216 2468 2286 qui
2514 2232 2722 2284 semen,
2755 2220 2805 2272 ἰιΙ
2833 2228 2938 2283 est,
2971 2222 3285 2277 sensibilem
3327 2238 3416 2279 ae-

1833 2315 2071 2361 mentem
2126 2306 2439 2375 auppeditat
2491 2306 2820 2373 serninauti,
2872 2323 3068 2380 nempe
3125 2308 3271 2366 Deus
3316 2310 3415 2381 qui

1830 2395 1996 2450 etiam
2048 2410 2250 2465 corpus
2304 2410 2442 2465 pane
2493 2398 2688 2463 nutrit,
2729 2398 3006 2467 quomodo
3053 2413 3178 2454 eum
3225 2410 3417 2469 posset

1831 2488 2105 2559 negligere
2133 2488 2229 2554 qui
2263 2488 2598 2557 spiritualem
2630 2488 2763 2543 facit
2791 2499 3117 2548 sementem.
3154 2510 3175 2545 ι
3205 2488 3257 2549 ls
3282 2506 3417 2562 sup.

1832 2577 2041 2647 peditet
2075 2592 2141 2631 ac
2179 2578 2525 2647 multiplicet.
2568 2596 2587 2630 ι
2628 2579 2839 2636 Poterit
2868 2589 2923 2636 et
2950 2584 3195 2637 carnalia
3228 2591 3415 2641 vestra

1831 2667 2049 2723 abunde
2097 2669 2474 2737 suppeditare,
2523 2670 2663 2726 adeo
2705 2680 2764 2726 ut
2807 2673 2973 2727 etiam
3020 2676 3418 2741 multiplicetur

1830 2760 2175 2831 eleemosyna
2208 2771 2412 2826 vestra,
2461 2765 2603 2818 lianc
2648 2765 2796 2818 enim
2836 2763 2970 2820 dicit
3010 2781 3158 2821 nunc
3195 2782 3414 2822 seuien-

1833 2859 1941 2904 tem
1977 2870 1991 2906 :
2030 2871 2048 2904 ι
2090 2851 2154 2905 Ει
2186 2863 2382 2922 augeat
2417 2854 2682 2909 fructum.
2713 2874 2732 2907 ι
2770 2855 2904 2910 Nam
2947 2872 3012 2911 ex
3053 2858 3414 2928 eleemosyoa

1835 2952 2080 2999 semente
2111 2947 2335 3015 augebit
2364 2956 2418 2999 ct
2447 2962 2697 3001 crescere
2730 2946 2893 3002 faciet
2924 2947 3133 3003 fructus
3161 2947 3413 3017 iustitia.

1833 3032 2031 3089 Omnia
2072 3042 2255 3090 autem
2294 3037 2579 3106 tigmative
2608 3038 2766 3093 dixit.
2815 3057 2834 3090 ι
2874 3039 3006 3105 Qua
3042 3055 3139 3110 per
3167 3055 3267 3095 nos
3297 3041 3413 3096 elﬁ-

1834 3127 1928 3180 cit.
1961 3144 1981 3177 ι
2027 3127 2083 3180 In
2126 3130 2285 3191 lianc,
2334 3130 2532 3198 inquit.
2580 3130 2957 3186 sinceritatem
2995 3143 3049 3186 et
3077 3133 3414 3203 opulentiam
3495 3160 3501 3163 Α

141 3214 225 3284 τῷ
251 3215 397 3286 Θεῷ.
436 3215 501 3268 Τί
524 3216 583 3268 δὲ
608 3216 672 3268 τὸ
694 3218 791 3269 καὶ
812 3220 939 3281 τοὺς
956 3218 1147 3279 ἄλλους
1179 3218 1596 3286 παρασκευάζον
1642 3220 1729 3269 εὑο

1838 3219 2147 3282 ditcscatis.
2198 3236 2320 3290 qua:
2364 3236 2462 3289 per
2504 3236 2607 3275 nos
2648 3222 2811 3276 etiicit
2860 3231 2919 3277 ut
2951 3223 3141 3292 gratia
3184 3233 3416 3292 agantur

144 3310 428 3375 χαριστεῖν
450 3306 530 3375 τῷ
559 3306 700 3377 Θεῷ,
730 3308 872 3377 ὑπὲρ
900 3299 975 3359 ὧν
1009 3308 1100 3359 καὶ
1137 3309 1293 3377 ὑμεῖς
1328 3309 1666 3376 κεκτήμεθα;
1694 3312 1725 3377 ὴ

1838 3311 1966 3365 Deo.
2012 3311 2151 3376 Quid
2200 3322 2286 3366 est
2335 3326 2514 3365 autem
2558 3314 2703 3383 quod
2749 3315 2910 3369 ellicit
2956 3327 3014 3369 ut
3057 3317 3149 3371 alii
3195 3331 3417 3387 quoque

143 3400 368 3451 εὐποιία
393 3399 656 3468 δηλονότι.
712 3400 1079 3452 Πλουτίσασθε
1146 3396 1240 3453 οὖν
1317 3403 1397 3463 εἰς
1462 3401 1727 3453 εὐποιίαν.

143 3491 318 3544 Τοῦτο
346 3490 455 3560 γὰρ
486 3492 580 3543 καὶ
614 3492 743 3554 τοὺς
775 3492 1151 3560 λαμόάνοντας
1199 3493 1346 3561 ἡμᾶς
1388 3493 1730 3561 εὐχαριστεῖν

143 3581 524 3652 ποιήσειΘεῷ.
538 3601 556 3633 ι
570 3584 693 3635 Ὅτι
713 3584 744 3651 ή
764 3582 1028 3637 διακονία.
1047 3584 1425 3651 »Τουτέστινξη
1453 3583 1730 3652 φιλοτιμία

143 3673 241 3723 καὶ
275 3672 307 3739 ἠ
332 3672 561 3741 εἰσφορὰ
587 3670 695 3723 τῶν
726 3688 828 3741 χρη
840 3672 1024 3740 μάτων
1048 3669 1278 3729 τούτων,
1311 3670 1405 3721 καὶ
1431 3672 1463 3738 ἡ
1490 3670 1730 3737 λειτουρ-

144 3766 291 3834 γίαὴ
310 3765 658 3835 πνευματικὴ
682 3768 714 3835 ἠ
735 3766 1126 3835 διακονουμένη
1158 3766 1247 3830 ὑφ’
1271 3764 1447 3831 ἡμῶν.
1488 3765 1592 3816 «οὑ
1633 3764 1732 3832 μό-

146 3876 238 3910 νον
257 3859 376 3910 ἐστὶ
413 3856 965 3927 προσαναπληροῦσα.
1002 3876 1019 3907 ι
1049 3856 1123 3909 Οὐ
1176 3856 1355 3924 μόνον,
1388 3855 1542 3923 φησὶ,
1574 3854 1731 3906 τοῦτο

144 3950 428 4019 κατορθοῖ,
461 3951 522 4001 τὸ
572 3949 921 4018 ἀναπληροῦν
974 3951 1040 4002 τά
1102 3950 1454 4019 ὑστερήματα
1508 3950 1600 4001 καὶ
1629 3948 1729 4018 τὴν

146 4037 356 4089 ἔνδειαν
380 4038 488 4089 τῶν
522 4037 712 4102 ἁγίων,
742 4037 877 4090 ἀλλά
909 4038 1003 4088 καὶ
1034 4036 1386 4105 περισσεύειν
1439 4038 1584 4088 ποιεῖ
1631 4035 1731 4106 τὴν

146 4131 226 4190 εἰς
259 4129 393 4179 Θεὸν
427 4128 801 4196 εὐχαριστίαν,
832 4127 894 4178 τὸ
927 4126 1016 4179 διὰ
1049 4126 1259 4178 πολλῶν
1295 4125 1726 4195 προσφέρεσθαι.

150 4215 280 4272 Οἷον
318 4219 377 4271 δέ
411 4221 526 4270 ἐστι
551 4219 643 4271 καὶ
685 4220 904 4288 τρέφειν
950 4218 1300 4285 πενομένους,
1354 4217 1448 4269 καὶ
1516 4217 1731 4287 εὐχαρι-

151 4308 403 4360 στεῖσθαι
452 4309 896 4378 παρασκευάζειν
949 4307 1102 4361 Θεόν.
1159 4306 1238 4359 Τά
1288 4307 1394 4377 γὰρ
1444 4308 1560 4372 δύο,
1621 4308 1731 4359 τῶν

151 4402 295 4465 ἇγαν
325 4400 757 4467 ἐπαινουμένων.
793 4398 1112 4468 Περισσεύει
1172 4398 1249 4463 δὲ,
1300 4400 1453 4468 φησι,
1506 4399 1593 4451 διὰ
1635 4399 1732 4468 τῆς

148 4490 384 4557 δοκιμῆς
400 4491 497 4557 τῆς
526 4489 801 4549 διακονίας
832 4488 1057 4557 ταύτης,
1088 4488 1336 4540 τουτέστι
1369 4489 1466 4557 τῆς
1483 4488 1729 4555 δοκίμου,

1835 3401 2038 3467 gratias
2069 3408 2231 3469 agant
2264 3401 2371 3453 Deo
2400 3416 2497 3467 pro
2528 3401 2615 3453 his
2644 3416 2766 3469 «Illa:
2793 3410 2845 3456 et
2881 3418 2981 3457 nos
3014 3404 3158 3456 nacti
3192 3404 3418 3459 sumus?

1840 3488 2197 3542 beneﬁcentia
2244 3489 2498 3543 videtiCct
2545 3508 2559 3543 :
2606 3490 2859 3545 ditescite
2899 3492 3063 3561 igitur
3100 3492 3418 3546 beneﬁcen-

1836 3580 1930 3632 tia.
1966 3579 2020 3631 ltl
2055 3595 2292 3647 namque
2316 3581 2482 3632 etiam
2518 3596 2618 3634 nos
2651 3584 2742 3651 qui
2775 3583 3080 3653 accipimus
3109 3583 3275 3638 faciet
3309 3583 3418 3639 Deo

1833 3670 2037 3738 gratias
2069 3685 2249 3737 agere.
2288 3689 2305 3719 ι
2341 3669 2474 3722 Nam
2506 3670 2711 3724 functio
2737 3672 2900 3739 bujus
2931 3656 3273 3729 ministerii.»
3300 3672 3418 3727 Hoc

1834 3772 1939 3823 est,
1979 3762 2278 3816 liberalitas
2324 3770 2377 3815 et
2418 3762 2638 3816 collatio
2684 3763 2880 3818 barum
2928 3767 3308 3833 pecuniarum,
3351 3779 3418 3820 ac

1835 3854 2123 3922 spirituale
2169 3854 2535 3908 ministerium
2573 3857 2719 3924 quod
2757 3873 2786 3908 a
2830 3858 2988 3912 nobis
3034 3856 3419 3911 subministra-

1834 3954 1946 3998 tur.
1978 3965 1995 3995 ι
2027 3943 2144 3998 Non
2177 3948 2353 3999 solum
2384 3947 2616 4015 supplet.
2654 3965 2672 3998 ι
2705 3946 2822 4000 Non
2855 3949 3035 4002 solum
3068 3949 3191 4013 hoc,
3216 3948 3415 4019 inquit,

1835 4038 2147 4107 assequitur
2180 4048 2238 4091 ut
2266 4038 2482 4107 expleat
2508 4053 2570 4091 ea
2599 4053 2722 4106 qua:
2752 4039 2973 4103 desunt,
3016 4040 3133 4094 sive
3170 4040 3417 4110 indigen-

1836 4129 1969 4182 tiam
2007 4140 2348 4190 sauctorum,
2384 4143 2570 4182 verum
2605 4130 2766 4182 etiam
2797 4131 3100 4185 exuberare
3132 4130 3259 4184 facit
3290 4132 3427 4199 gen-4

1835 4223 2036 4276 tiarum
2070 4222 2339 4273 actionem
2370 4235 2499 4288 erga
2532 4218 2725 4282 Deum,
2752 4220 2897 4289 quod
2933 4235 3028 4289 per
3052 4222 3251 4276 multus
3279 4221 3419 4276 offe-

1834 4322 2008 4366 ratur.
2048 4311 2161 4365 Hoc
2194 4321 2378 4365 autem
2417 4319 2500 4364 est
2529 4312 2674 4379 quod
2706 4319 2760 4365 et
2798 4325 3065 4380 pauperes
3095 4312 3332 4373 alantur.
3363 4320 3417 4367 et

1835 4405 2046 4458 eliicere
2084 4415 2143 4457 ut
2171 4403 2358 4473 gratia:
2392 4411 2632 4473 agantur
2657 4402 2791 4457 Deo.
2821 4401 2957 4456 Nam
2992 4402 3108 4456 haec
3136 4402 3245 4455 dno
3272 4403 3418 4457 inter

1835 4512 1898 4551 ea
1933 4504 2062 4550 sunt
2091 4511 2212 4565 qua:
2245 4494 2535 4548 admodum
2570 4492 2973 4548 collaudantu’r.
3008 4492 3287 4549 Exuberat
3318 4508 3420 4546 au-

153 4584 252 4633 καὶ
294 4581 462 4651 πείρᾳ
510 4582 608 4649 τὴν
652 4581 997 4651 χρηστότητα
1053 4581 1304 4651 δειξάσης
1342 4581 1730 4650 έλεημοσύνης,

1840 4598 1968 4650 tem,
2011 4588 2165 4648 dicit,
2194 4602 2289 4655 per
2312 4586 2603 4656 probatum
2647 4586 2750 4639 hoc
2799 4585 3188 4649 ministerium,
3221 4584 3275 4640 id
3308 4591 3417 4649 est,

150 4677 221 4744 ἢν
256 4678 421 4744 ἡμεῖς
450 4676 809 4743 διακονοῦμεν
843 4674 991 4743 ὑμῖν,
1024 4674 1207 4743 φησίν.
1237 4693 1253 4725 ι
1313 4674 1473 4727 Ἀλλὰ
1506 4677 1600 4728 καὶ
1638 4692 1736 4727 πε-

157 4764 511 4834 ρισσεύουσα.
548 4784 565 4815 ι
605 4764 728 4823 Πῶς
760 4766 816 4817 δὲ
851 4766 1163 4832 περισσεύει
1198 4766 1231 4834 ὴ
1300 4765 1619 4835 εὐχαριστία
1657 4764 1735 4835 τῷ

150 4854 313 4919 Θεῴ;
361 4853 517 4920 Πῶςς
541 4855 625 4906 ὃτι
668 4854 981 4919 δοξάζοντες
1007 4856 1142 4907 εἰσιν
1173 4856 1220 4907 oi
1257 4855 1401 4922 ἅγιοι
1453 4855 1542 4908 τὸν
1575 4856 1731 4908 Θεόν.

155 4950 233 5000 Οὺ
288 4948 449 5012 μόνον
492 4949 573 4999 ὅτι
613 4946 775 5015 ἐλύθη
830 4948 1010 5009 αὑτοῖς
1037 4947 1123 4999 διὰ
1155 4946 1254 5015 τῆς
1284 4947 1653 5017 ἐλεημοσύνης
1698 4951 1730 5016 ἠ

154 5039 514 5100 ἔνδεια,άλλά
546 5040 639 5091 καὶ
667 5040 747 5091 ὅτι
789 5037 1222 5106 ὑποτεταγμένοι
1265 5038 1412 5102 ἐστὲ,
1468 5037 1622 5108 φηῒιὶ,
1672 5042 1738 5110 τῇ

153 5132 421 5200 ὁμολογίᾳ
445 5128 540 5181 τοῦ
580 5128 936 5196 Εὑαγγελίου.
972 5131 1182 5195 Δεῖγμα
1240 5129 1348 5197 γὰρ
1398 5128 1492 5181 τοῦ
1553 5131 1741 5181 ὑποτε-

151 5221 355 5291 τάχθαι
386 5223 495 5281 τοῖς
513 5220 887 5286 εὑαγγελικοῖς
922 5220 1330 5289 προστάγμασι,
1362 5220 1420 5272 τὺ
1462 5218 1520 5272 εὖ
1544 5225 1739 5275 ποιεῖν.

155 5314 397 5366 Πλεῖστα
442 5313 553 5380 γὰρ
590 5312 716 5379 περὶ
752 5311 1123 5379 ὲλεημοσύνης
1180 5311 1206 5362 ὁ
1247 5310 1447 5380 Κύριος
1473 5310 1740 5381 διελέχθη.

1842 4695 1941 4750 per
1986 4679 2396 4747 comprobatam
2452 4680 2885 4748 eleemosynam,
2932 4685 2986 4730 et
3033 4690 3155 4744 qua:
3203 4676 3423 4744 experi-

1844 4777 2028 4823 mento
2067 4769 2356 4821 utilitatem
2400 4767 2729 4831 ostenderit,
2777 4782 2939 4836 quam
2983 4781 3083 4821 nos
3125 4766 3281 4820 vobis
3321 4768 3423 4819 Ini-

1844 4863 2166 4922 nistramus,
2203 4860 2401 4928 inquit.
2446 4859 2677 4914 tVetum
2717 4862 2882 4913 etiam
2914 4859 3200 4912 exuberat.
3232 4875 3254 4908 ι
3301 4855 3426 4922 Quo

1847 4962 2025 5006 autem
2062 4960 2221 5021 pacto
2253 4951 2517 5005 exuberat
2549 4950 2848 5019 gratiarum
2885 4948 3027 5002 actio
3055 4962 3183 5015 erga
3215 4945 3427 5001 Deum?

1846 5042 1963 5108 Quo
1988 5052 2145 5110 pacto
2162 5043 2183 5092 ἲ
2200 5040 2340 5106 Quia
2369 5045 2539 5093 sancti
2566 5039 2733 5092 Deum
2760 5039 3088 5107 glorilicant,
3110 5053 3217 5091 non
3242 5038 3421 5091 solum

1847 5132 1988 5201 quod
2036 5148 2133 5200 per
2161 5134 2561 5199 elcemosynam
2595 5129 2774 5182 ablata
2806 5129 2878 5181 sit
2908 5128 2976 5181 ab
3007 5128 3144 5196 ipsis
3174 5127 3423 5195 indigen-

1849 5224 1941 5286 tia,
1971 5223 2137 5292 670
2167 5236 2348 5274 verum
2379 5214 2544 5272 etiam
2582 5217 2728 5286 quod
2768 5217 3051 5284 Evangelii
3085 5216 3423 5270 confessioni

1850 5315 2087 5379 subjecti
2140 5314 2281 5365 sitis.
2335 5311 2733 5373 Argumentum
2786 5310 2931 5362 enim
2989 5307 3134 5376 quod
3189 5308 3427 5369 subjecti

155 5403 280 5459 sitis
320 5403 663 5473 iussionibus
698 5402 1029 5470 evangelicis
1067 5409 1149 5455 est
1189 5401 1303 5470 ipsa
1343 5402 1723 5456 beneficentia.
1766 5402 1901 5457 Nam
1932 5404 2080 5458 circa
2138 5405 2543 5471 eleemoxynam
2570 5401 2834 5455 Dominus
2870 5401 3103 5469 plurima
3136 5400 3423 5455 disseruit.

229 5512 337 5565 Kal
361 5511 652 5576 ἁπλότητι
681 5509 789 5576 τῆς
816 5511 1131 5574 κοινωνίας
1159 5513 1245 5574 είς
1269 5510 1492 5576 αὐτοὺς
1518 5513 1614 5564 καὶ
1653 5516 1740 5579 είς

156 5600 414 5666 πάντας,
461 5601 558 5653 καὶ
586 5601 785 5655 αὐτῶν
838 5600 1043 5666 δεήσει
1080 5600 1233 5670 ὑπὲρ
1282 5602 1469 5671 ὑμῶν,
1530 5604 1737 5657 ἐπιπο-

1919 5513 2008 5580 IX,
2045 5513 2223 5567 15-15.
2271 5511 2341 5565 Et
2382 5514 2737 5567 sinceritatem
2778 5512 3273 5564 communicationis
3304 5526 3426 5565 eraa

1850 5608 1991 5674 ipsos
2030 5616 2078 5659 ct
2119 5622 2245 5675 erga
2292 5621 2489 5669 omnes,
2524 5604 2686 5657 etiam
2725 5604 3026 5671 precatione
3070 5600 3288 5655 illorum
3332 5614 3429 5654 pro

154 5696 429 5749 θούντων
456 5690 609 5761 ὑμᾶς
638 5693 734 5747 διὰ
765 5694 879 5763 τὴν
903 5694 1409 5761 ὑπερϐάλλουσαν
1444 5694 1619 5764 χάριν
1637 5698 1730 5749 τοί

1850 5698 1993 5751 vobis
2016 5698 2139 5764 :qui
2167 5696 2467 5750 desiderant
2498 5710 2585 5748 vos
2610 5703 2824 5763 propter
2847 5693 3157 5747 eminentem
3182 5688 3277 5744 Dei
3300 5704 3427 5760 gra-

230 5787 273 5821 ⁵⁷
316 5785 487 5841 Eccli.
517 5800 597 5851 Ill,
634 5785 713 5851 55,
