4192 6458
131 406 269 471 1057

1068 400 1454 463 (ΞΟΜΜΕΝΤ.
1497 399 1577 459 1N
1615 397 1856 459 EPIST.
1898 397 1958 457 ll
1983 398 2082 456 AD
2113 395 2478 457 CORINTH-

3267 397 3408 463 1058

126 522 481 591 ἐλιθάσθην,
534 523 661 591 τρίς
710 520 1085 591 ἐναυάγησα,
1124 517 1507 588 νυχθήμερον
1537 516 1606 570 ἐν
1636 516 1717 581 τῷ

1835 514 2131 594 ἰαιιιιλιιί,
2164 523 2240 566 ter
2269 514 2611 583 naufragium
2635 512 2763 583 feci,
2818 519 3021 567 noctem
3055 528 3161 566 uua
3184 516 3411 575 cem'dic

121 615 296 681 ,βυθῷ
326 617 648 683 πεποίηκα.
695 615 1093 683 ὀδοιπορίαις
1146 612 1471 675 πολλάκις,
1499 609 1711 663 κινδύ-

125 723 256 773 νοις
295 707 598 776 ποταμῶν,
634 708 942 772 κινδύνοις
981 704 1249 773 λῃστῶν,
1296 703 1603 768 κινδύνοις
1649 702 1719 755 ἐκ

128 798 363 864 γένους,
407 797 715 863 κινδύνοις
748 798 817 861 ἐξ
843 796 1057 859 ἐθνῶν,
1094 795 1403 859 κινδύνοις
1430 794 1497 846 ἐν
1522 794 1715 858 πόλει,

130 889 436 954 κινδύνοις
456 890 525 941 ἐν
552 891 784 957 ἐρημίᾳ,
816 889 1125 954 κινδύνοις
1158 890 1227 940 ἐν
1259 887 1564 954 θαλάσσῃ,
1596 904 1721 939 κιν-

131 981 336 1046 δύνοις
357 983 427 1034 ἐν
454 982 920 1051 ψευδαδέλφοις
966 981 1030 1034 ἐν
1083 982 1247 1046 κόπῳ
1277 980 1375 1034 καὶ
1396 981 1622 1048 μόχθῳ,
1653 979 1722 1032 ἐν

132 1073 168 1123 ἁ
178 1073 495 1138 ςζρυπνιάις
522 1072 840 1139 πολλάκις.

209 1155 342 1210 Εἶτα
375 1159 521 1227 λέγει
549 1160 737 1213 λοιπὸν
782 1161 871 1214 τὸν
904 1164 1230 1233 χαρακτῆρα
1257 1163 1355 1232 τῆς
1391 1162 1716 1232 ἀποστολῆς.

141 1250 207 1299 10
229 1248 307 1311 δὲ,
339 1268 357 1299 ι
398 1251 829 1323 Περισσοτέρως,
869 1272 888 1305 ι
925 1256 1038 1316 καὶ,
1078 1271 1096 1304 ι
1154 1254 1652 1325 ’Υπερϐαλλόντως,
1696 1273 1714 1306 ι

132 1340 191 1391 03
226 1344 368 1393 κατὰ
402 1343 691 1413 εύγχρισιν
718 1346 827 1398 τῶν
853 1346 1301 1415 ψευδαποστολων
1327 1348 1561 1417 εἴρηται.
1592 1366 1609 1397 ι
1635 1347 1722 1398 Ἑν

134 1432 387 1496 θανάτοις
422 1436 701 1499 πολλάκις.
742 1457 760 1489 ι
793 1467 860 1478 -—
898 1457 915 1489 ι
958 1438 1097 1490 Καθ’
1126 1438 1338 1509 ήμέραν
1373 1438 1502 1508 γὰρ,
1533 1439 1719 1508 φησὶν,

136 1524 490 1591 ἀποθνήσκω.
530 1546 547 1578 ι
594 1527 874 1580 Ἐπεδιδου
928 1529 1034 1599 γὰρ
1086 1528 1279 1580 ἑαυτὸν
1324 1530 1403 1591 είς
1443 1529 1723 1591 κινδύνους

139 1615 573 1687 θανατηφόρους.
616 1638 635 1670 ι
666 1621 1088 1689 Τεσσαράκοντα
1126 1621 1276 1690 παρὰ
1310 1622 1439 1690 μίαν
1470 1621 1717 1675 ἔλαϐον.»

137 1708 236 1759 Διά
265 1709 316 1759 τί
355 1710 505 1779 παρὰ
552 1711 712 1776 μίανς
754 1714 938 1780 Νόμος
978 1709 1045 1783 ἦν
1077 1714 1167 1765 τὸν
1205 1714 1428 1766 πλείονα
1455 1714 1564 1767 τῶν
1597 1731 1721 1765 τεσ-

141 1801 451 1865 σαράκοντα
488 1803 844 1870 τυπτόμενον,
894 1804 1088 1871 ἄτιμον
1145 1797 1304 1856 εἶναι.
1361 1804 1588 1873 Ὤρισαν
1631 1801 1723 1855 οὖν

1824 609 1876 660 in
1902 608 2171 677 profundo
2216 608 2318 676 egi,
2354 608 2406 658 in
2440 607 2717 659 itineribus
2751 622 2913 675 sa'pe,
2938 605 2994 658 in
3027 605 3278 674 periculis
3314 608 3429 674 ηυρλ

1821 700 2044 766 mittunt,
2066 700 2313 772 periculis
2345 699 2634 760 latronum,
2656 699 2905 767 periculis
2934 712 2999 752 ex
3032 714 3238 767 genere,
3270 701 3413 767 peri-

1822 793 1956 844 culis
2013 807 2077 845 ea:
2134 793 2396 861 gentibus,
2436 791 2691 856 periculis
2724 793 2776 843 iu
2806 792 3039 856 civitate,
3067 792 3321 858 periculis
3352 793 3408 844 in

1821 884 2046 946 deserto,
2088 882 2337 950 periculis
2401 883 2453 935 iu
2520 883 2680 953 mari,
2725 884 2976 949 periculis
3045 884 3183 937 inter
3242 884 3409 952 falsos

1820 974 2017 1041 fratres
2048 987 2066 1025 .'
2108 972 2165 1025 iu
2203 970 2382 1024 labore
2404 982 2453 1026 et
2483 975 2726 1027 molestia
2762 993 2773 1025 :
2806 974 2859 1025 in
2888 974 3083 1042 vigiliis
3110 990 3268 1041 ια’ρε.

1899 1175 2101 1229 Deinde
2126 1183 2535 1243 consequenter
2562 1173 2716 1243 ponit
2747 1174 3095 1243 signaculum
3142 1173 3414 1242 apostola-

1826 1277 1915 1322 tus
1942 1270 2058 1321 sive
2106 1268 2396 1337 legationis
2424 1282 2559 1322 suae.
2589 1265 2751 1331 Quod
2792 1275 2977 1319 autem
3020 1267 3117 1330 ait,
3157 1284 3175 1316 ι
3211 1266 3412 1334 Copio-

1828 1362 1968 1423 sius,
2021 1377 2039 1409 ι
2078 1368 2153 1420 et,
2186 1375 2205 1408 ι
2259 1358 2434 1426 Supra
2465 1358 2710 1422 modum,
2763 1375 2782 1409 ι
2824 1373 2933 1411 non
2968 1371 3065 1426 per
3119 1371 3410 1425 compara-

1824 1453 2031 1506 tionem
2066 1450 2132 1504 ad
2190 1450 2650 1520 pseudapostolos
2677 1452 2887 1503 dictum
2915 1456 3019 1503 est.
3057 1466 3073 1499 ι
3113 1447 3175 1501 lu
3212 1446 3409 1501 morti-

1828 1544 1932 1598 bus
1986 1542 2323 1611 frequcnter.
2366 1559 2384 1592 ›
2419 1569 2491 1580 -
2525 1559 2543 1593 ι
2579 1539 2717 1593 Nam
2767 1541 3014 1609 quotidie
3045 1541 3252 1593 morior
3273 1539 3337 1601 '°,
3388 1557 3407 1590 ι

1827 1636 2027 1706 inquit.
2064 1633 2316 1704 Seipsum
2346 1636 2492 1689 enim
2530 1636 2840 1704 exponebat
2887 1634 3147 1704 periculis
3176 1641 3411 1686 mortem

1824 1728 2247 1784 iutentantibus.
2291 1748 2308 1778 (
2339 1729 2733 1797 Quadragenas
2758 1728 2947 1796 plagas
2980 1740 3087 1779 una
3112 1727 3293 1779 minus
3321 1739 3416 1779 ac-

1827 1824 1967 1892 cepi.
2002 1841 2020 1874 ι
2052 1826 2234 1887 Quare
2273 1838 2379 1875 ttna
2408 1823 2630 1875 minus?
2682 1821 2843 1891 691
2890 1819 3000 1872 Lex
3032 1826 3151 1872 erat
3183 1818 3327 1886 quod
3367 1819 3414 1870 is

138 1890 291 1958 παρὰ
330 1890 460 1958 μίαν
508 1891 727 1956 διδόναι,
787 1893 870 1945 ἵνα
906 1894 1006 1947 κᾶν
1056 1898 1123 1965 τῇ
1174 1896 1323 1966 ῥύμῃ
1374 1895 1468 1948 τοῦ
1499 1894 1722 1948 τύπτειν

1835 1916 1918 1983 qui
1948 1914 2249 1983 accepisset
2271 1914 2409 1967 ultra
2445 1889 2811 1983 quadraginta
2836 1914 3048 1981 plagas,
3074 1909 3413 1978 ignominio-

140 1984 439 2053 ἐξενεχθεὶς
467 1985 731 2037 ὁτύπτων
758 1991 1024 2057 περισσὴν
1053 1989 1147 2059 δῷ,
1182 1990 1591 2058 τεσσαράκοντα
1622 1988 1720 2056 δῷ,

142 2084 230 2131 καί
273 2080 349 2148 μὴ
386 2080 610 2148 τέμηται
647 2081 840 2148 ἄτιμος
871 2082 898 2132 ὁ
929 2082 1285 2151 τυπτόμενος.
1328 2101 1347 2134 ι
1403 2084 1534 2152 Τρὶς
1594 2084 1723 2152 ἐρα-

142 2170 381 2237 ϐδίσθην.
423 2187 440 2220 ›
466 2172 625 2239 Ὁρᾷς
655 2171 736 2223 ὃτι
766 2171 825 2223 οῦ
860 2172 1036 2224 πάντα
1062 2172 1097 2224 ἃ
1136 2171 1405 2224 πέπονθεν
1432 2175 1460 2225 ὁ
1489 2172 1721 2235 Παῦλος,

142 2263 477 2333 συνέγραψεν
497 2267 630 2333 ἡμῖν
659 2268 685 2317 ὁ
714 2267 929 2328 Λουκᾶς
953 2267 1012 2317 ἐν
1041 2268 1160 2327 ταῖς
1189 2267 1492 2337 Πράξεσιν;
1519 2268 1593 2319 Οὐ
1618 2270 1726 2337 γὰρ

143 2356 272 2426 πρὸς
303 2357 612 2426 ςιλοτιμὶαν
630 2359 780 2427 αὐτῷ
812 2360 880 2411 τὰ
909 2360 1005 2429 τῆς
1042 2363 1364 2431 συγγραψῆς
1398 2361 1720 2432 πεπόνηται.

143 2450 229 2500 Διὸ
260 2449 429 2501 πολλα
451 2451 559 2503 τῶν
590 2451 824 2503 ἐνταῦθα
852 2451 1156 2521 εἰρημένων
1187 2454 1511 2520 παρέλιπεν.
1537 2470 1555 2504 ι
1589 2453 1721 2523 Τρὶς

144 2545 478 2612 ε,αυαγησα.
533 2563 550 2594 ι
595 2545 827 2614 Μακρὰς
870 2545 978 2613 γὰρ
1030 2546 1123 2597 καὶ
1177 2546 1517 2609 διαποντίους
1570 2548 1722 2609 ὁδους

147 2635 496 2705 στελλόμενος
531 2636 621 2689 διὰ
642 2636 702 2688 τὸ
728 2640 1012 2706 κήρυγμα,
1042 2638 1220 2692 πάντα
1246 2639 1453 2709 ἔπασχε
1475 2639 1543 2692 τὰ
1570 2642 1724 2709 είρηο

148 2727 303 2796 μένα.
355 2727 715 2798 Νυχθήμερον
766 2728 822 2779 δὲ
872 2729 1201 2799 νηχόμενος,
1256 2730 1528 2798 διεγένετο
1585 2731 1726 2801 μετὰ

144 2822 422 2887 ναυάγιον.
474 2823 569 2885 Τὸ,
611 2823 742 2890 ’[ρὶς
788 2824 1124 2894 ἑναυαγησα,
1184 2826 1500 2895 ἑρμηνεύων
1541 2827 1725 2893 φησὶν,

144 2916 224 2966 δτι
258 2914 440 2983 τρίτον
489 2916 521 2985 ἡ
572 2915 928 2987 ἀνθρωπότης
977 2919 1340 2988 ὲναυάγησεν,
1375 2920 1524 2985 ἅπαξ
1552 2923 1607 2971 ὲν
1650 2919 1729 2989 τῷ

145 3007 478 3076 παραδείσῳ,
531 3009 616 3060 διὰ
647 3008 743 3078 τῆς
798 3010 1187 3079 παραϐάσεως,
1242 3011 1497 3081 δεύτερον
1548 3014 1603 3063 ὲν
1652 3011 1729 3081 τῷ

148 3100 540 3169 κατακλυσμῷ,
596 3102 776 3171 τρίτον
834 3104 975 3171 μετὰ
1029 3106 1090 3156 τὸ
1139 3105 1394 3171 δέξασθαι
1424 3109 1513 3161 τὸν
1544 3108 1725 3175 νόμον.

1829 2023 1927 2062 sus
1982 2007 2298 2060 haberetur.
2351 2004 2686 2059 Defiuieraut
2741 2005 2906 2074 igitur
2942 2014 2997 2055 ut
3025 2016 3190 2054 unam
3229 2003 3415 2054 mirus

1827 2102 2157 2171 infligerent,
2177 2110 2236 2154 ut
2280 2114 2593 2170 quanquam
2624 2099 2831 2168 impetu
2867 2093 3205 2150 verberandi
3236 2091 3415 2146 addu-

1828 2202 1948 2247 ctus
1982 2193 2029 2246 is
2063 2192 2156 2262 qui
2183 2190 2519 2255 verberaret,
2561 2206 2721 2243 uuam
2756 2188 3022 2257 infligeret
3057 2186 3415 2254 supetfluam,

1829 2296 1903 2340 tta
1930 2280 2295 2356 quadraginta
2340 2284 2569 2339 inferret
2597 2295 2647 2337 et
2691 2285 2738 2336 is
2771 2283 2865 2352 qui
2897 2280 3289 2335 verberaretur
3325 2279 3414 2330 in-

1830 2379 1992 2433 famis
2024 2394 2133 2432 non
2191 2378 2366 2433 ﬁeret.
2414 2396 2432 2427 ι
2470 2376 2576 2431 Ter
2617 2375 2788 2444 virgis
2822 2389 3001 2429 caesus
3050 2372 3147 2426 fui.
3192 2390 3211 2423 ι
3253 2368 3416 2425 \‘ides

1829 2474 1971 2541 quod
2007 2487 2116 2524 non
2170 2471 2357 2523 omnia
2386 2484 2508 2537 quae
2545 2482 2744 2537 passus
2770 2478 2853 2520 est
2893 2464 3097 2519 Paulus
3130 2464 3418 2532 scripserit

1830 2562 1992 2615 nobis
2048 2562 2224 2614 Lucas
2257 2561 2311 2614 in
2340 2559 2524 2614 Actis?
2556 2573 2732 2626 neque
2781 2557 2926 2611 enim
2968 2556 3033 2608 ad
3091 2556 3319 2625 gloriam
3350 2566 3415 2606 ea

1831 2671 1953 2725 quae
1997 2655 2170 2724 ipsius
2236 2662 2366 2708 sunt
2407 2652 2652 2704 historiae
2702 2648 3056 2717 conscripsit,
3084 2646 3205 2699 ideo
3243 2650 3416 2698 multa

1831 2766 2023 2805 eorum
2050 2763 2172 2818 qua:
2191 2748 2279 2801 hic
2310 2746 2457 2800 dicta
2492 2753 2624 2799 sunt
2654 2742 3038 2813 pratermisit.
3080 2758 3099 2791 ι
3132 2740 3235 2793 'l'er
3274 2754 3415 2791 nau-

1832 2841 2067 2911 fragium
2102 2840 2227 2895 feci.
2259 2857 2278 2889 ι
2326 2837 2549 2907 Longas
2575 2837 2724 2891 enim
2764 2845 2819 2890 et
2858 2833 3261 2889 transmarinas
3298 2833 3417 2884 vias

1833 2931 2241 3001 praedicationis
2296 2930 2469 2999 gratia
2534 2941 2814 2991 emensus,
2870 2925 3052 2979 omnia
3108 2924 3418 2993 patiebatur

1834 3037 1957 3091 quae
1985 3021 2130 3075 dicta
2161 3030 2307 3074 sunt.
2334 3006 2561 3072 Noctem
2581 3026 2765 3071 autem
2794 3030 2902 3070 una
2935 3031 3059 3070 cun:
3093 3016 3182 3069 die
3219 3022 3419 3068 natans

1835 3114 2152 3187 perduravit
2205 3119 2329 3181 post
2387 3111 2763 3179 naufragium.
2815 3108 2988 3162 Porro
3022 3108 3227 3161 dictum
3261 3107 3365 3159 hoc
3399 3121 3413 3157 :

151 3205 169 3236 ι
210 3187 574 3257 Νυχθήμερον
598 3192 654 3239 ἐν
684 3190 763 3259 τῷ
796 3190 940 3261 βυθῷ
970 3194 1270 3265 πεποίηκα.
1315 3219 1332 3246 ι
1368 3196 1555 3248 Νύκτα
1583 3197 1729 3265 λέγει

1837 3208 1943 3262 Ter
1973 3205 2326 3275 naufragium
2361 3200 2486 3268 feci,
2522 3202 2938 3272 interpretando
2967 3201 3099 3255 dicit
3124 3199 3268 3269 quod
3309 3201 3417 3250 ltu-

145 3280 383 3332 ἐνταῦθα
412 3287 439 3332 0
459 3280 778 3345 Ἀπόστολος
803 3284 901 3353 τὴν
923 3285 1029 3354 πρὸ
1057 3287 1153 3354 τῆς
1174 3287 1406 3355 Χριστοῦ
1433 3290 1730 3357 παρουσίας

146 3374 202 3423 ἐν
238 3377 304 3443 τῇ
342 3378 591 3445 σκοτεινῇ
656 3376 850 3430 πλάσει
897 3378 1201 3449 διατριϐὴν,
1252 3380 1461 3449 ἡμέραν
1506 3381 1585 3447 δὲ,
1636 3384 1735 3451 τὴν

154 3469 295 3537 μετὰ
332 3470 432 3537 τὴν
478 3470 716 3538 Χριστοῦ
773 3473 1082 3541 παρουσίαν
1118 3476 1174 3523 ἐν
1232 3475 1309 3543 τῷ
1345 3474 1592 3543 φωτεινῷ
1641 3477 1735 3542 βα-

152 3563 737 3632 πτίσματιδιαγωγήν.
770 3582 787 3614 ι
822 3565 1103 3628 Κινδύνοις
1131 3568 1410 3636 ποταμῶν.
1445 3585 1462 3617 ι
1494 3568 1603 3619 Καὶ
1630 3567 1735 3636 γὰρ

147 3655 575 3725 διαπορθμεύειν
631 3657 911 3725 ποταμοὺς
961 3658 1323 3725 ἠναγκάζετο.
1384 3676 1402 3710 ι
1452 3659 1737 3721 Κινδύνοις

150 3748 388 3817 λῃστῶν.
436 3767 454 3799 ι
507 3748 792 3817 Πανταχοῦ
823 3749 929 3820 γὰρ
962 3751 989 3802 ὁ
1019 3750 1263 3814 διάϐολος
1311 3751 1587 3821 ἐπολέμει,
1644 3752 1737 3821 λῃ-

153 3839 284 3899 στὰς
316 3840 568 3906 ἐγείρων,
615 3840 686 3889 τὰ
729 3839 857 3909 ἔθνη
894 3841 1001 3894 τῶν
1043 3841 1331 3910 Ἑλλήνων,
1364 3844 1492 3903 τοὺς
1538 3858 1738 3909 συγγε-

154 3934 265 3992 νεῖς
314 3932 625 3995 Ἰουδαίους,
682 3933 731 3985 οἳ
782 3936 873 3985 καὶ
928 3934 1127 4002 μᾶλλον
1174 3935 1474 4003 ἐπολέμουν
1505 3936 1592 3987 διὰ
1640 3936 1739 4002 τὴν

153 4023 343 4076 πίστιν
391 4023 827 4094 διαπονούμενοι.
872 4026 982 4077 Καὶ
1028 4026 1191 4086 τόπος
1227 4027 1327 4077 οὐκ
1370 4022 1437 4097 ἦν
1492 4027 1738 4098 ἀσφαλὴς

154 4117 326 4185 αὐτῷ,
358 4118 418 4169 οὐ
444 4119 619 4181 πόλις,
650 4120 750 4169 οὐκ
780 4118 984 4188 ἔρημος
1016 4120 1115 4171 οὐκ
1149 4119 1277 4173 ἄλλο
1324 4120 1497 4173 οὐδέν.
1537 4138 1554 4171 ι
1608 4123 1740 4174 Κινο

152 4210 329 4271 δύνοις
360 4212 417 4263 ὲν
464 4210 871 4280 ψευδαδέλφοις.
907 4231 925 4264 ι
964 4213 1106 4281 Ὅρα
1135 4213 1321 4283 ἕτερον
1361 4214 1621 4268 κινδύνων
1660 4209 1739 4266 εἷο

152 4303 261 4367 δος,
296 4303 359 4355 τὸ
407 4306 471 4357 ὲκ
527 4305 635 4358 τῶν
690 4306 1075 4376 ψευδωνύμων,
1128 4307 1434 4377 ὑποκριτῶν
1475 4308 1739 4375 ἀδελφῶν.

158 4392 302 4463 Ὅρα
334 4394 393 4445 δέ
416 4409 428 4420 ·
478 4396 606 4457 τοὺς
639 4395 918 4459 κινδύνους
950 4398 1108 4449 κόποι
1150 4398 1242 4450 καὶ
1276 4397 1487 4467 μόχθοι,
1517 4399 1743 4465 τούτους

155 4484 322 4539 πάλιν
353 4485 402 4537 oi
431 4485 665 4539 κίνδυνοι
701 4487 1017 4556 διεδέχοντο,
1048 4490 1141 4539 καὶ
1162 4489 1261 4541 οῦκ
1290 4485 1357 4559 ἦν
1388 4493 1665 4543 ἀναπνεῖν.

1835 3301 2073 3356 manitas
2106 3307 2189 3352 ter
2233 3294 2581 3365 naufragium
2624 3294 2793 3359 fecit;
2846 3294 3012 3348 semel
3049 3297 3102 3346 in
3160 3292 3419 3360 paradiso

1838 3408 1931 3463 per
1964 3390 2489 3461 transgressionem,
2522 3402 2631 3440 rur.
2670 3401 2743 3439 tm
2782 3386 2835 3439 in
2865 3386 3093 3448 diluvio,
3158 3393 3213 3436 et
3249 3384 3419 3435 tertio

1836 3492 2129 3553 postquam
2167 3482 2339 3549 legem
2378 3478 2734 3546 suscepisset.
2765 3495 2781 3527 ι
2817 3476 3041 3529 Noctem
3068 3489 3172 3527 una
3188 3489 3308 3527 cum
3333 3474 3420 3527 die

1838 3575 1894 3628 in
1913 3572 2190 3644 profundo
2220 3573 2326 3641 egi.
2376 3589 2393 3622 ι
2422 3568 2650 3625 Noctem
2686 3578 2846 3624 vocat
2870 3569 2957 3621 hic
2982 3568 3274 3637 Apostolus
3296 3582 3418 3620 eam

1838 3668 2316 3723 cnnvcrsationem
2361 3679 2482 3733 qua:
2526 3671 2652 3716 ante
2677 3663 2879 3715 Christi
2919 3662 3214 3715 adventum
3270 3677 3304 3713 II
3338 3670 3421 3713 te-

1840 3761 2074 3816 nebrosa
2118 3757 2445 3811 formatione
2470 3765 2589 3809 erat
2635 3772 2647 3807 :
2676 3756 2823 3808 diem
2857 3769 2983 3808 vero
3046 3754 3269 3808 vivendi
3301 3762 3420 3806 sta-

1836 3864 1951 3908 tum
1992 3862 2113 3922 post
2147 3850 2354 3904 Christi
2389 3850 2683 3922 adventum
2736 3848 2789 3900 in
2846 3846 3027 3900 lucido
3071 3847 3420 3914 baptismate.

1844 3960 1861 3993 ι
1899 3939 2165 3993 Periculis
2196 3936 2505 3989 fluminum.
2541 3935 2814 3988 t-Etenint
2852 3934 3079 3988 flumina
3124 3933 3423 4002 COgehalur

1842 4034 2123 4102 trajicere.
2151 4052 2168 4082 ι
2206 4029 2801 4083 Periculislatronutn.
2848 4047 2865 4077 ι
2912 4025 3125 4097 Ubique
3170 4025 3426 4081 certami-

1844 4142 1908 4179 ua
1944 4124 2420 4191 certaminumque
2451 4121 2671 4189 praemia
2692 4119 3144 4189 proponebantur
3174 4134 3187 4169 :
3218 4116 3423 4185 ubique

1843 4222 1987 4275 enim
2022 4218 2275 4271 diabolus
2325 4217 2585 4273 bellabat.
2654 4214 2896 4267 latrones
2930 4213 3197 4274 excitans,
3233 4218 3423 4280 gentes

1842 4312 2182 4370 Graecorum,
2224 4318 2489 4376 cognatos
2519 4305 2761 4369 Judazos,
2789 4308 2879 4373 qui
2911 4306 3075 4358 etiam
3103 4305 3276 4371 magis
3308 4300 3425 4354 bel-

1843 4406 2052 4467 labant,
2071 4402 2325 4456 dolentes
2348 4416 2410 4454 ac
2440 4401 2777 4454 lacessentes
2798 4412 2995 4467 proper
3025 4395 3208 4449 fidem.
3244 4393 3422 4447 Locus

1847 4497 1949 4565 ipsi
2012 4504 2199 4547 certus
2248 4507 2356 4546 non
2388 4501 2529 4554 erat,
2560 4507 2666 4544 non
2703 4491 2920 4552 civitas,
2966 4504 3074 4541 non
3117 4487 3421 4544 desertum,

156 4594 267 4632 non
312 4579 461 4632 aliud
491 4580 814 4650 quidquam.
854 4600 871 4631 ι
910 4579 1176 4636 Periculis
1236 4582 1381 4637 inter
1420 4585 1591 4639 falsos
1625 4584 1845 4645 fratres.
1888 4609 1906 4639 ι
1946 4587 2080 4642 Vide
2144 4586 2289 4640 aliud
2354 4586 2725 4656 periculorum
2785 4599 2960 4653 genus
3012 4581 3155 4648 quod
3228 4586 3424 4649 prove'

158 4676 343 4731 uiebat
375 4691 441 4730 ex
499 4675 773 4730 simulatis
800 4685 855 4731 et
903 4676 1044 4731 falso
1103 4680 1404 4733 nominatis
1439 4679 1726 4736 fratribus.
1766 4685 2068 4740 Considera
2094 4698 2225 4736 vero
2261 4682 2571 4749 :pericula,
2624 4678 2839 4733 labos-es
2874 4693 2936 4732 ac
2978 4677 3263 4737 molestiae,
3309 4674 3426 4727 hac

155 4785 382 4825 rursum
443 4768 682 4836 pericula
716 4768 1084 4836 excipiebant,
1118 4785 1216 4823 nec
1247 4774 1521 4839 respirare
1567 4773 1823 4832 dabatur.

242 4864 348 4915 Ἐν
380 4859 532 4930 λιμῷ
559 4860 655 4913 καὶ
684 4861 868 4929 δίψει,
892 4862 958 4914 ὲν
986 4864 1296 4929 νηστείαις
1327 4865 1645 4931 πολλάκις,
1671 4869 1731 4921 ἐν

1918 4866 2006 4931 XI,
2038 4867 2226 4921 27—29.
2294 4866 2355 4918 In
2387 4865 2529 4933 fame
2577 4876 2625 4918 et
2683 4866 2795 4924 siti,
2825 4865 2879 4917 iu
2921 4864 3146 4931 jejuniis
3178 4877 3334 4929 sa‘pe,
3372 4861 3429 4913 in

154 4956 343 5022 ψύχει
368 4954 466 5007 καὶ
494 4956 839 5022 γυμνότητι.
867 4956 1053 5023 Χωρὶς
1081 4956 1198 5009 τῶν
1226 4959 1521 5024 παρεκτὸς
1556 4961 1591 5027 ἡ
1616 4961 1743 5013 ἐπι-

154 5045 471 5111 σύστασις
512 5063 632 5115 μου
682 5045 720 5112 ἠ
775 5048 1138 5115 καθημέραν,
1175 5048 1213 5115 ἡ
1240 5050 1495 5119 μέριμνα
1530 5052 1743 5108 πασῶν

156 5140 281 5191 τῶν
321 5137 713 5205 Ἐκκλησιῶν.
747 5140 841 5204 Τίς
892 5139 1162 5205 ἀσθενεῖ,
1188 5142 1285 5193 καὶ
1323 5144 1435 5196 οὐκ
1476 5144 1743 5208 deﬂet-(It;

158 5231 252 5296 τίς
288 5227 770 5295 σκανδαλίζεται,
808 5229 908 5282 καί
937 5232 1049 5283 οὐκ
1086 5230 1202 5299 ἐγὼ
1239 5234 1573 5301 πυροῦμαι;

236 5322 523 5391 Πανταχοῦ
553 5322 651 5391 τῆς
670 5322 1106 5392 οἰκουμένηςριαὶ
1120 5325 1217 5394 τῆς
1236 5325 1515 5394 ἀοικήτου,
1535 5326 1747 5393 ἀγῶνες

157 5412 305 5485 ἦσαν
328 5413 423 5467 καὶ
442 5413 649 5479 στάδια,
675 5416 734 5467 ὲν
762 5417 857 5484 γῇ,
889 5414 947 5467 ὲν
980 5414 1246 5487 θαλάσσῃ,
1276 5416 1499 5483 ἔσωθεν,
1523 5418 1744 5483 ἔξωθεν,

160 5504 319 5575 παρὰ
347 5505 456 5557 τῶν
488 5505 730 5568 οἰκείων,
760 5504 915 5574 παρὰ
957 5505 1066 5558 τῶν
1095 5506 1421 5576 ἀλλοτρίων,
1456 5509 1608 5579 παρὰ
1639 5511 1746 5563 τῶν

161 5598 472 5665 συγγενῶν,
503 5600 653 5667 παρὰ
681 5599 790 5651 τῶν
827 5600 1178 5655 ἐπιπλάστων
1198 5601 1464 5671 ἀδελφῶν.
1493 5605 1600 5657 Καὶ
1626 5606 1745 5658 οὐδὲ

160 5691 268 5759 τῆς
302 5693 606 5759 ἀναγκαίας
637 5694 868 5764 ηὐπόρει
915 5697 1141 5768 τροφῆς,
1164 5696 1308 5752 οὐδὲ
1354 5697 1508 5766 ψιλοῦ
1542 5700 1746 5754 σκεπά-

243 5875 293 5907 "
323 5874 341 5928 Ι
372 5875 498 5931 Cor.
532 5876 619 5943 15,
659 5878 748 5931 51.

1849 4962 2047 5030 frigore
2098 4970 2147 5012 et
2180 4960 2423 5011 nuditate
2478 4970 2671 5026 pra’ter
2696 4974 2757 5011 ea
2786 4973 2904 5027 qua:
2932 4959 3260 5008 extrinsecus
3291 4955 3430 5005 acci-

1846 5056 1998 5114 dunt,
2055 5054 2476 5119 conspirationes
2528 5051 2580 5101 iu
2624 5067 2704 5102 me
2732 5050 3092 5119 quotidianae,
3151 5063 3281 5099 cura
3318 5063 3430 5097 om-

1850 5148 1995 5196 nium
2031 5145 2417 5196 Ecclesiarum.
2457 5140 2588 5205 Quis
2616 5140 2948 5205 inﬁrmatur,
2978 5145 3027 5188 et
3056 5151 3150 5205 ego
3200 5150 3305 5187 non
3344 5133 3430 5184 in-

1851 5237 2075 5303 ﬁrmor?
2106 5236 2239 5301 Quis
2266 5234 2574 5300 o/fenditur,
2606 5243 2653 5284 et
2676 5247 2767 5298 ego
2788 5246 2890 5283 non
2912 5228 3079 5281 uror?

1927 5330 1981 5380 lu
2000 5330 2149 5381 omni
2182 5327 2334 5380 orbis
2364 5325 2485 5380 loco
2505 5333 2613 5378 tam
2647 5322 2934 5378 habitabili
2970 5334 3135 5390 quam
3157 5316 3434 5371 inhabita-

1858 5419 1976 5481 bili,
2002 5419 2309 5474 certamina
2341 5428 2499 5471 erant
2531 5426 2585 5471 et
2609 5414 2870 5468 exercitia
2905 5428 2925 5467 ε’
2955 5413 3009 5465 in
3034 5418 3205 5471 terra,
3239 5409 3293 5462 in
3319 5422 3435 5461 ma-

1856 5512 1937 5575 ri;
1975 5512 2141 5574 intus,
2179 5509 2348 5571 foris;
2379 5524 2408 5561 a
2444 5507 2703 5576 propriis,
2738 5506 2804 5559 ab
2827 5503 3059 5569 alienis;
3086 5517 3115 5554 a
3142 5499 3431 5568 cognatis,

1857 5621 1883 5654 ιι
1919 5602 2062 5656 ﬁctis
2089 5602 2374 5655 ftatrihus.
2405 5600 2569 5671 692
2605 5599 2667 5651 Et
2701 5616 2765 5653 ne
2804 5595 3177 5652 necessarium
3212 5592 3434 5662 quidem

1859 5698 2181 5752 alimentum
2216 5704 2312 5749 aut
2341 5693 2544 5749 nudum
2578 5701 2953 5764 tegumentum
2993 5688 3315 5759 suppetebat
3342 5699 3436 5738 or-
