4192 6458
713 383 847 452 1071

1772 390 2171 451 (ECUMENII
2214 389 2503 453 TRICCIE
2537 392 2873 455 EPISCOPI

3829 393 3967 461 107?.

711 500 920 555 diceret
957 518 966 553 :
1005 498 1139 554 Num
1170 500 1284 556 haec
1340 502 1617 557 narrando
1653 502 1807 560 visus
1836 520 1957 559 sum
2009 504 2161 558 vobis
2202 503 2286 556 in-

2393 504 2860 573 ψευδαποστόὶους
2912 506 3295 577 οίκειούμενοι.
3335 525 3351 556 ι
3405 506 3544 575 Ἐγὼ
3596 507 3702 577 γὰρ
3753 509 3980 577 ὤφειλον

710 593 920 663 sipiens
948 593 1043 646 ?et
1068 593 1231 663 hujus
1260 610 1449 661 causa,
1468 596 1671 666 inquit,
1694 596 1761 649 ad
1778 609 1875 649 vos
1898 595 2132 649 recurrit
2159 613 2172 660 ;
2197 608 2294 650 vos

712 686 859 741 enim
893 698 978 737 me
1018 684 1300 754 coegistis,
1336 684 1783 754 pseudapostolis
1814 699 1912 740 vos
1948 685 2294 739 familiariter

711 775 1085 846 adiungendo.
1135 793 1153 826 ι
1206 773 1342 829 Nam
1373 791 1474 847 ego
1510 776 1802 830 debueram
1857 791 1885 829 a
1938 776 2092 830 vobis
2142 791 2295 830 com-

715 868 985 923 mendari.
1024 886 1042 919 ι
1093 864 1200 921 Vos
1239 868 1387 922 enim
1438 868 1681 936 Oportuit
1732 876 1952 921 nostros
2008 866 2293 921 vindicare

713 973 1019 1021 sermones,
1052 968 1106 1012 et
1130 959 1415 1029 opiniones
1447 975 1459 1010 :
1498 972 1624 1012 cum
1670 960 1855 1027 itaque
1882 958 1990 1012 illis
2042 957 2289 1011 adhaere-

711 1050 872 1112 retis,
920 1058 1146 1104 coactus
1179 1065 1299 1104 sum
1343 1048 1410 1103 ad
1442 1049 1543 1105 hos
1593 1048 1928 1105 descendere
1981 1064 2287 1103 sermones.

719 1157 736 1189 ι
774 1137 933 1192 Nulla
973 1140 1116 1193 enim
1169 1140 1223 1192 in
1274 1155 1333 1194 re
1393 1140 1621 1195 inferior
1679 1138 1775 1193 fui.
1819 1158 1837 1191 ι
1873 1138 2139 1208 Superius
2170 1140 2287 1193 ait:

722 1248 738 1280 ι
784 1230 1037 1284 Arbitror
1098 1246 1183 1285 me
1238 1232 1413 1285 nihilo
1472 1231 1789 1286 inferiorem
1832 1230 2043 1297 fuisse;
2089 1250 2107 1282 ι
2146 1246 2290 1285 nunc

716 1331 895 1375 autent
925 1322 1268 1387 affirmando,
1300 1324 1435 1376 dicit
1472 1341 1486 1377 :
1530 1342 1547 1374 ι
1605 1322 1763 1378 Nulla
1813 1325 1866 1377 in
1924 1339 1983 1378 re
2028 1323 2104 1376 fui
2148 1322 2287 1376 infe-

710 1414 823 1465 rio;
852 1427 865 1471 ;
902 1430 918 1460 ι
953 1422 1047 1465 aut
1073 1414 1270 1478 deieci,
1299 1429 1393 1467 seu
1423 1414 1599 1469 factus
1636 1431 1755 1470 sum
1788 1416 2084 1484 posterior,
2127 1412 2289 1468 Petro

709 1516 773 1555 ac
811 1504 1044 1559 caeteris.
1074 1504 1393 1574 Opportune
1425 1516 1603 1561 autem
1666 1508 1809 1558 venit
1856 1505 1921 1558 ad
1984 1506 2288 1576 apostolos,

710 1596 869 1664 quasi
902 1595 1048 1650 dicat
1080 1611 1092 1647 :
1124 1593 1240 1648 Non
1299 1597 1475 1650 solum
1512 1595 1954 1665 psendapostolis
2000 1610 2119 1649 sum
2147 1610 2286 1664 prte-

704 1686 967 1748 stantior,
1003 1683 1097 1738 sed
1132 1694 1185 1738 ct
1216 1686 1481 1753 apostolis
1519 1699 1640 1738 sum
1701 1683 1948 1752 aequalis.
1989 1701 2006 1733 ι
2045 1680 2287 1736 Tametsi

710 1776 847 1829 nihil
908 1790 1052 1828 sum.
1108 1794 1125 1825 ι
1162 1773 1447 1844 Tanquam
1514 1790 1768 1844 maguum
1822 1774 2026 1841 aliquid
2088 1773 2289 1827 dixerit

710 1867 855 1937 quod
892 1882 1020 1920 suas
1052 1866 1282 1921 excedat
1330 1867 1497 1929 vires,
1534 1866 1762 1932 corrigit
1794 1865 1946 1919 illud.
1984 1864 2100 1918 Non
2145 1866 2281 1918 dixit

710 1956 1231 2025 autemzAbjectus
1266 1972 1409 2019 sum,
1469 1956 1564 2010 scd
1622 1955 1766 2021 quod
1825 1954 1996 2007 multo
2054 1953 2280 2009 inferius

709 2060 818 2116 est,
857 2069 875 2100 ι
909 2049 1054 2102 Nihil
1081 2063 1223 2102 sum.
1269 2067 1285 2098 ›
1334 2046 1413 2100 Tu
1453 2062 1605 2111 vero,
1636 2047 1836 2116 inquit,
1886 2060 1954 2101 ne
2012 2046 2282 2099 intuearis

710 2143 837 2206 hoc,
868 2141 914 2197 si
943 2140 1078 2194 nihil
1118 2155 1238 2194 sum
1274 2158 1286 2193 :
1322 2139 1415 2192 scd
1474 2139 1575 2193 hoc
1634 2140 1875 2198 adverte,
1913 2152 2054 2189 anne
2098 2136 2283 2189 omnia

711 2230 1034 2303 perfecerim
1070 2244 1414 2299 quzrcunque
1446 2230 1768 2298 Apostolum
1806 2229 2099 2296 designant
2120 2235 2173 2279 et
2208 2228 2281 2280 in-

711 2322 977 2391 signiunt.
1013 2339 1030 2370 ι
1067 2319 1169 2373 Per
1208 2334 1426 2372 onmem
1474 2318 1814 2387 patientiam.
1855 2336 1873 2367 ι
1916 2315 2043 2379 Vos,
2080 2316 2281 2384 inquit,

710 2426 1030 2467 sermonum
1083 2398 1254 2464 testes
1286 2410 1446 2465 estis.
1484 2407 1750 2463 Iudicium
1812 2416 1992 2461 autem
2039 2407 2284 2476 Apostoli

712 2505 949 2558 maxime
974 2502 1228 2556 consistit
1273 2503 1326 2554 in
1356 2500 1582 2555 ferendo
1608 2501 1793 2553 omnia
1844 2500 2097 2553 viriliter.
2141 2499 2285 2554 Con-

711 2597 892 2650 sidera
926 2610 1055 2651 vero
1102 2594 1249 2664 quod
1305 2594 1422 2647 ait:
1467 2613 1483 2644 ι
1522 2592 1869 2646 Patientiam.
1910 2611 1929 2643 ι
1971 2590 2109 2646 Nam
2140 2594 2285 2663 quod

710 2690 933 2746 virtutis
965 2692 1138 2760 ipsius
1170 2697 1289 2743 erat
1346 2688 1511 2743 unica
1571 2688 1812 2742 dictione
1869 2691 2051 2756 posuit
2085 2709 2097 2743 :
2133 2692 2286 2758 signa

712 2800 839 2839 vero
862 2801 982 2854 qua:
1017 2801 1116 2839 sua
1150 2799 1257 2839 non
1290 2791 1471 2844 erant.
1502 2783 1598 2837 sed
1632 2782 1823 2850 gratiae
1866 2781 1983 2848 Dei,
2035 2782 2288 2852 pluribus

712 2880 1035 2947 complexus
1054 2887 1157 2932 est.
1200 2876 1305 2931 Sed
1338 2877 1495 2929 Pauli
1523 2875 1844 2929 modestiam
1874 2876 2112 2929 intuere.
2145 2875 2289 2941 Quot

714 2983 993 3030 carceres,
1041 2979 1175 3038 quot
1222 2969 1434 3039 plagas,
1470 2975 1602 3036 quot
1639 2967 1881 3037 pericula
1927 2975 1980 3020 et
2036 2968 2285 3030 insidias,

712 3067 848 3126 quot
902 3058 1258 3113 allliclionum
1308 3058 1718 3118 inundationes.
1776 3067 1912 3127 quot
1971 3057 2108 3111 bella
2148 3058 2289 3112 inte-

711 3151 852 3203 stina
873 3166 936 3204 ac
956 3159 1204 3217 externa,
1230 3152 1392 3205 unica
1416 3150 1659 3206 dictione
1682 3166 1877 3220 nempe
1904 3168 1921 3201 ι
1946 3149 2236 3212 Patientia,
2267 3171 2285 3201 ι

2401 598 2492 665 ὑφ’
2550 598 2704 668 ὑμῶν
2764 600 3139 653 συνίστασθαι.
3191 619 3208 651 ›
3256 600 3431 669 Tui;
3513 602 3621 669 γὰρ
3694 602 3807 654 ἔδει
3873 604 3979 654 τῶν

2397 692 2549 759 ἐμῶν
2600 692 3033 757 ἀντιποιεῖσθαι,
3112 694 3205 745 καὶ
3257 693 3431 758 λόγων
3492 693 3583 744 καὶ
3638 692 3980 761 ύπολήψεων,

2398 784 2552 851 ὑμῶν
2583 784 2638 835 δὲ
2668 786 2894 846 ἐκείνοις
2949 786 3351 854 προσεχόντων.
3402 787 3480 847 εἰς
3525 786 3749 848 τούτους
3808 785 3982 837 ἐλθεῖν

2397 876 2753 945 ἠναγκάσθην
2772 877 2897 939 τοὺς
2938 876 3150 941 λόγους⁸
3190 894 3209 926 ι
3263 876 3431 931 Οὐδὲν
3466 878 3574 944 γὰρ
3629 876 3928 946 ὑστέρησα..
3958 895 3976 926 ι

2401 968 2548 1020 Ἀνω
2581 969 2733 1035 φησι,
2772 986 2788 1017 ι
2836 967 3138 1035 Λογίζομαι
3194 968 3358 1036 μηδὲν
3392 968 3773 1034 ὑστερηκέναι,
3818 988 3836 1018 ι
3871 970 3984 1019 νυνὶ

2395 1060 2450 1112 δὲ
2471 1059 2877 1126 ἁποςραντικῶς,
2915 1077 2933 1107 ι
2968 1058 3119 1110 οὐδὲν
3151 1059 3446 1127 ὑστέρησα,
3476 1077 3493 1109 ι
3540 1056 3672 1109 Οὐδὲ
3710 1058 3983 1119 ἐνέλιπον,

2394 1146 2875 1220 ἣκατόπινῆλθον
2933 1150 3043 1201 τῶν
3103 1152 3232 1218 περὶ
3300 1151 3529 1217 Πέτρον.
3595 1149 3884 1217 Εὐκαίρως
3930 1150 3983 1201 δὲ

2396 1242 2487 1293 ἐπὶ
2535 1244 2660 1305 τοὺς
2709 1242 3042 1304 ἀποστόλους
3098 1238 3252 1312 ἦλθε.
3300 1241 3514 1303 δεικνὺς
3570 1244 3651 1293 ὅτι
3702 1243 3760 1292 οὑ
3825 1242 3985 1309 μόνον

2394 1333 2513 1402 εἰμὶ
2548 1333 2655 1385 τῶν
2685 1332 3154 1402 ψευδαποστόλων,
3180 1332 3336 1399 φησὶ,
3361 1332 3651 1401 κρείττων,
3696 1328 3837 1384 ἀλλὰ
3892 1330 3987 1381 καὶ

2394 1427 2503 1478 τῶν
2536 1424 2855 1477 ἀποστόλων
2889 1423 3021 1486 ἴσος,
3065 1441 3082 1473 ι
3124 1422 3185 1475 Εἰ
3216 1424 3309 1475 καὶ
3336 1422 3488 1474 οὐδέν
3512 1425 3650 1489 ειμι.
3700 1440 3718 1472 ι
3770 1421 3986 1489 Ὠσπερ

2393 1533 2445 1567 τι
2468 1516 2611 1582 μέγα
2635 1512 2887 1584 εἰρηκὼς
2917 1514 3013 1567 καὶ
3043 1513 3367 1581 ύπερὸαῖνον
3396 1510 3560 1563 αὐτοῖο
3588 1510 3683 1579 τὴν
3729 1509 3984 1577 δύναμιν,

2392 1604 2698 1674 διορθοῦται
2725 1606 2875 1659 αὐτό.
2921 1606 3035 1657 Οὐκ
3070 1600 3191 1655 εἷπε
3243 1603 3323 1666 δέ,
3361 1602 3601 1669 Εὐτελής
3652 1603 3791 1668 εἰμι,
3850 1601 3988 1652 ἀλλὰ

2390 1696 2450 1748 τὸ
2492 1696 2625 1748 πολὺ
2670 1691 2853 1765 ἦττον,
2892 1715 2908 1745 ι
2948 1694 3119 1746 Οὐδέν
3163 1696 3301 1761 εἰμι.
3340 1711 3357 1744 ο
3416 1692 3487 1744 Σὺ
3545 1691 3622 1755 δὲ,
3684 1691 3845 1759 φησὶ,
3907 1696 3983 1757 μη

2390 1788 2548 1840 τοῦτο
2588 1789 2723 1859 ἴδῃς,
2767 1789 2814 1839 εί
2852 1786 3004 1838 οὐδέν
3058 1788 3197 1853 εἰμι,
3262 1784 3397 1836 ἀλλὰ
3462 1783 3719 1850 πρόσχες,
3768 1783 3818 1832 ει
3910 1782 3987 1848 μὴ

2390 1880 2569 1931 πάντα
2600 1879 2702 1932 ὅσα
2745 1876 3147 1947 χαρακτηρίζει
3197 1872 3496 1927 ἀπόστολον
3578 1872 3897 1924 ἐπετέλεσα.
3962 1889 3982 1920 ι

2396 1989 2413 2021 ι
2469 1970 2558 2022 Ἐν
2620 1971 2767 2039 πάσῃ
2818 1969 3084 2037 ὑπομονῇ.
3141 1984 3161 2017 ι
3224 1965 3436 2033 Ὑμεῖς,

2389 2079 2503 2128 γων
2590 2060 2884 2132 μάρτυρες.
2954 2060 3165 2127 Δεῖγμα
3246 2057 3303 2109 δὲ
3373 2054 3672 2108 ἀποστόλου
3749 2054 3989 2123 μάλιστα

2390 2153 2451 2204 τὸ
2503 2153 2689 2220 φέρειν
2732 2153 2912 2204 πάντα
2972 2150 3258 2216 γενναίως.
3353 2149 3498 2218 Ὅρα
3551 2147 3627 2210 δὲ,
3669 2146 3751 2210 τὸ,
3816 2165 3835 2196 ι
3878 2146 3989 2212 Τῆς

2390 2244 2687 2313 ὑπομονῆς,
2723 2261 2738 2291 r
2778 2242 2915 2311 ὅπερ
2960 2236 3028 2311 ἦν
3059 2239 3222 2293 αὐτοῦ
3280 2239 3470 2309 ἀρετὴ,
3532 2240 3629 2307 μιᾷ
3681 2238 3830 2300 λέξει
3900 2237 3991 2286 τέ-

2393 2333 2564 2394 θεικε,
2587 2333 2652 2384 τὰ
2681 2333 2737 2383 δὲ
2770 2332 2877 2383 τῶν
2908 2332 3149 2399 σημείων
3170 2330 3313 2399 ἅπερ
3346 2332 3443 2381 οὐκ
3475 2325 3541 2398 ἦν
3592 2328 3781 2390 αὐτοῦ,
3850 2327 3990 2380 ἀλλὰ

2392 2425 2613 2493 χάριτος
2658 2422 2814 2487 Θεοῦ,
2893 2422 2981 2475 διὰ
3056 2422 3318 2474 πλειόνων
3389 2422 3719 2490 ἐξηγήσατο.

2394 2515 2670 2567 σκόπειτὸ
2720 2514 2974 2565 ταπεινὸν
3018 2513 3254 2577 Παύλου,
3284 2515 3426 2566 πόσα
3460 2513 3837 2580 δεσμωτήρια,
3896 2510 3993 2561 πόα

2396 2623 2493 2668 σας
2530 2604 2767 2675 πληγὰς,
2795 2605 2995 2666 πόσους
3021 2604 3299 2663 κινδύνους
3334 2605 3425 2655 καὶ
3462 2602 3782 2665 ἐπιϐουλὰς,
3813 2602 3993 2661 πόσας

2394 2698 2621 2763 νιφάδας
2652 2696 2998 2765 πειρασμῶν,
3028 2696 3227 2757 πόσους
3251 2696 3523 2762 πολέμους
3566 2694 3867 2762 ἐμφυλίους
3922 2709 3984 2743 τε

2396 2790 2490 2842 καὶ
2521 2788 2899 2859 ἐξωτερικοὺς,
2940 2790 3037 2857 μιᾷ
3085 2786 3229 2850 λέξει
3278 2788 3365 2856 τῇ,
3408 2804 3427 2837 ι
3467 2786 3576 2855 Τῆς
3625 2786 3932 2853 ὑπομονῆς.
3967 2803 3986 2834 ι

2399 2881 2777 2951 παρέδραμεν.
2818 2899 2834 2930 ι
2888 2880 2976 2930 Ἐν
3024 2880 3274 2948 σημείοις
3310 2877 3403 2929 καὶ
3446 2878 3660 2945 τέρασι.
3698 2893 3717 2926 r
3780 2878 3991 2935 Πόσους

2396 2972 2623 3041 νεκροὺς
2678 2970 3030 3039 ἐγερθέντας,
3092 2972 3189 3022 καὶ
3240 2970 3475 3037 τυφλοὺς
3526 2968 3990 3037 ὀμματωθέντας,

2398 3064 2489 3115 καὶ
2520 3063 2754 3131 λεπροὺς
2787 3062 3245 3133 καθαρισθέντας,
3278 3066 3367 3114 καὶ
3393 3060 3653 3130 δαίμονας
3695 3060 3994 3122 ἐλαθέντας

2400 3154 2627 3223 ᾐνίξατο
2654 3152 2843 3213 εἰπὼν,
2881 3172 2899 3204 ι
2948 3155 3035 3205 Ἐν
3064 3155 3334 3223 σημείοις,
3396 3153 3489 3203 καὶ
3519 3153 3732 3220 τέρασι,
3770 3154 3865 3203 καὶ
3897 3153 3992 3203 δο-

3516 1982 3587 2031 φη
3600 1965 3672 2027 σὶ,
3723 1964 3833 2014 τῶν
3897 1962 3989 2012 λί-

3795 2420 3990 2487 Ὅμως

712 3244 1003 3311 percurrit.
1043 3261 1061 3294 ι
1104 3242 1208 3297 Per
1242 3243 1398 3311 signa
1429 3253 1483 3297 et
1514 3242 1783 3312 prodigia.
1823 3260 1841 3293 ι
1875 3240 2019 3307 Quot
2042 3251 2286 3296 mortuos

2398 3245 2617 3313 νάμεσι,
2658 3263 2675 3295 ι
2713 3245 2820 3297 τῶν
2846 3246 3017 3316 τριῶν
3046 3245 3106 3297 ἓν
3130 3264 3182 3297 τι
3212 3244 3535 3313 δηλούντων.

710 3338 1005 3402 excitatus,
1053 3351 1231 3391 caecos
1281 3335 1639 3401 illuminatos,
1681 3338 1929 3405 leprosos
1967 3336 2282 3398 inundatos,
2325 3337 2681 3392 etdzemones
2715 3340 2974 3407 expulsos
2998 3339 3329 3405 designavit,
3359 3340 3549 3391 dicens
3581 3356 3592 3390 :

3676 3354 3695 3386 ι
3728 3334 3835 3388 Per
3907 3338 3991 3389 si-

709 3450 814 3504 gna
852 3441 904 3486 et
931 3432 1178 3501 prodigia
1211 3446 1275 3485 ac
1300 3430 1441 3485 facta
1476 3431 1739 3500 potentia,
1775 3448 1792 3479 ι
1831 3445 1951 3499 quae
1980 3431 2081 3484 tria
2116 3447 2285 3484 unum
2327 3431 2586 3502 quiddam
2621 3434 2872 3503 idemque
2896 3434 3232 3503 signiﬁcant.

786 3525 902 3589 XII,
941 3526 1027 3589 15,
1062 3526 1149 3581 14.
1185 3524 1329 3577 Nam
1359 3527 1488 3593 quid
1514 3533 1592 3577 est
1623 3525 1676 3577 in
1704 3540 1805 3593 quo
1841 3523 2022 3592 fuistis
2072 3525 2291 3593 inferio-

716 3633 793 3669 res
825 3616 1034 3669 emeris
1083 3614 1359 3678 Ecclesiis,
1404 3614 1507 3666 nisi
1546 3614 1684 3683 quod
1706 3630 1798 3684 ego
1830 3615 1939 3681 ipse
1966 3631 2067 3667 non
2097 3615 2291 3683 fuerim

711 3710 883 3777 segnis
914 3723 1042 3774 erga
1093 3708 1237 3760 vos?
1288 3704 1594 3761 Condonate
1642 3705 1772 3758 mihi
1810 3706 1949 3758 hanc
2007 3707 2284 3773 injuriam.

712 3800 847 3854 Ecce
876 3801 1029 3853 tertio
1082 3808 1303 3866 paratus
1336 3815 1452 3850 sum
1493 3808 1548 3851 ut
1597 3798 1664 3850 ad
1692 3814 1781 3851 vos
1811 3798 2036 3861 veniam,
2081 3814 2171 3851 nec
2198 3815 2286 3851 ero

710 3897 879 3964 segnis
904 3913 1026 3964 erga
1064 3912 1172 3948 ros.
1204 3894 1321 3947 Non
1347 3895 1485 3947 enim
1536 3909 1713 3963 φατι-ο
1747 3909 1864 3962 quae
1921 3904 2095 3947 vestra
2139 3903 2283 3957 sunt,

711 3990 800 4040 sed
833 4005 934 4041 vos.
968 3987 1239 4056 Siquidem
1294 4003 1394 4039 non
1425 3985 1606 4039 debent
1634 3986 1736 4054 ﬁlii
1767 3984 2071 4052 parentibus
2104 4000 2285 4038 recon-

710 4082 850 4143 dere,
880 4080 969 4133 sed
1004 4088 1248 4147 parentes
1281 4077 1431 4143 ﬁliis.

784 4173 940 4241 701
978 4172 1052 4225 Ne
1083 4172 1205 4239 quis
1230 4172 1376 4223 dicat
1404 4189 1414 4222 :
1448 4168 1676 4240 Magnus
1700 4168 1919 4237 quidem
1942 4182 2023 4231 es,
2048 4176 2289 4219 attamen

712 4281 817 4315 non
853 4274 998 4316 tanta
1031 4271 1285 4331 operatus
1313 4278 1394 4327 es,
1419 4269 1623 4330 quanta
1654 4262 1705 4313 in
1731 4261 1855 4314 aliis
1888 4259 2154 4314 Ecclesiis
2185 4273 2290 4312 ca:-

712 4356 814 4407 teri
870 4354 1127 4424 apostoli.
1162 4353 1238 4406 ait
1275 4373 1284 4405 :
1318 4369 1335 4401 ι
1373 4350 1508 4403 Nam
1539 4350 1669 4419 quid
1702 4358 1785 4404 est
1835 4351 1889 4403 in
1946 4365 2055 4419 quo
2108 4349 2289 4403 fuistis

710 4443 1040 4498 inferiores?
1079 4462 1095 4494 ι
1131 4442 1242 4496 Iloc
1266 4451 1367 4505 cst,
1426 4442 1609 4495 minus
1666 4440 1936 4495 habuistis
1992 4455 2153 4509 quam
2186 4455 2290 4492 ra:—

2472 3530 2533 3581 Τί
2564 3527 2671 3595 γάρ
2700 3528 2872 3580 ἐστιν
2895 3528 2926 3581 ὃ
2959 3527 3251 3595 ἡττήθητε
3284 3526 3437 3594 ὑπὲρ
3470 3527 3575 3591 τὰς
3601 3529 3823 3591 λοιπὰς
3864 3528 3990 3579 Ἐκ-

2394 3617 2658 3682 πλησίας
2689 3633 2708 3679 ;
2759 3617 2914 3683 εἰμὴ
2957 3617 3047 3670 ὅτι
3095 3616 3276 3680 αὐτὸς
3300 3616 3415 3683 ἑγὼ
3443 3617 3516 3668 οὐ
3557 3616 3989 3682 κατενάρκησα

2394 3706 2582 3775 ὑμῶν.
2623 3708 2969 3773 Χαρίσασθέ
2983 3724 3085 3773 μοι
3114 3705 3229 3773 τὴν
3255 3705 3497 3759 ἀδικίαν
3526 3707 3777 3771 ταύτην.
3830 3706 3989 3759 Ἰδοὺ

2396 3798 2597 3863 τρίτον
2630 3797 2876 3864 ἑτοίμως
2903 3796 3023 3864 ἔχω
3058 3796 3261 3850 ἐλθεῖν
3276 3797 3427 3862 πρὸς
3458 3795 3634 3863 ὑμᾶς,
3667 3795 3767 3848 καὶ
3790 3798 3863 3847 οὑ
3888 3814 3990 3848 κα-

2394 3887 2754 3955 ταναρκήσω
2782 3886 2968 3956 ὑμῶν.
3028 3889 3109 3939 Οὐ
3152 3886 3261 3955 γὰρ
3294 3885 3441 3954 ζητῶ
3472 3888 3544 3939 τὰ
3594 3884 3785 3954 ὑμῶν.
3827 3888 3990 3940 ἀλλὰ

2392 3974 2568 4045 ὑμᾶς.
2599 3977 2680 4029 Οὐ
2716 3979 2825 4044 γὰρ
2848 3977 3074 4041 ὀφείλει
3091 3975 3163 4029 τὰ
3195 3975 3379 4028 τέκνα
3411 3975 3536 4041 τοῖς
3587 3976 3837 4043 γονεῦσι
3886 3982 3989 4037 θη-

2392 4066 2717 4134 σαυρίζειν,
2748 4067 2886 4120 ἀλλ’
2911 4070 2964 4119 ολ
2996 4066 3193 4133 γονεῖς
3218 4066 3344 4132 τοῖς
3370 4066 3626 4131 τέκνοις.

2466 4159 2583 4210 Ἵνα
2610 4157 2683 4227 μή
2720 4175 2800 4220 τις
2832 4157 2985 4229 εἴπῃ,
3017 4159 3190 4225 μέγας
3217 4158 3316 4226 μὲν
3382 4153 3452 4221 εἴ,
3474 4160 3659 4227 φησιν,
3719 4157 3873 4223 ὅμως
3928 4156 3987 4207 οὐ

2392 4243 2630 4297 τοσαῦτα
2661 4245 2909 4314 εἰργάσω
2938 4245 3039 4296 ὃσα
3075 4247 3133 4297 ἐν
3198 4248 3319 4307 ταῖς
3372 4245 3561 4306 ἄλλαις
3630 4245 3989 4313 Ἐκκλησίαις

2394 4333 2445 4385 οἱ
2483 4333 2661 4385 λοιποὶ
2691 4334 3001 4397 ἀπόστολοι,
3038 4335 3191 4404 φησί.
3231 4352 3249 4385 ι
3285 4335 3350 4387 Τί
3384 4337 3490 4404 γάρ
3525 4337 3673 4387 ἐστιν
3729 4334 3760 4385 ὃ
3821 4336 3988 4404 ἡττή-

2395 4426 2524 4493 θητε
2555 4444 2570 4493 ;
2614 4444 2631 4475 r
2667 4426 2965 4487 τουτέστιν,
2997 4425 3217 4479 ἔλαττον
3248 4426 3423 4495 ἔχετε,
3465 4427 3607 4495 ὑπὲρ
3659 4425 3760 4486 τὰς
3792 4424 3988 4483 λοιπὰς

710 4545 842 4588 trra
896 4531 1198 4585 ECCICSilP?
1253 4546 1381 4583 num
1445 4530 1733 4593 minorem,
1785 4529 1987 4598 inquit,
2053 4531 2281 4597 gratiam

2402 4516 2751 4583 Ἐκκλησίας.
2782 4517 2874 4586 Μὴ
2902 4516 3204 4578 ἐλάττονος,
3232 4517 3388 4583 φησὶ,
3416 4515 3674 4582 μετέχετε
3710 4516 3990 4583 χαρίσμα-

709 4620 1131 4691 paitieipastis?
1169 4637 1185 4669 ι
1240 4617 1354 4671 Nisi
1392 4619 1537 4687 quod
1592 4633 1692 4687 ego
1748 4619 1885 4686 ipse.
1948 4635 1966 4667 ι
2027 4617 2286 4671 Punitivo

708 4726 962 4765 sermone
1016 4725 1148 4763 usus
1202 4716 1284 4762 est
1320 4727 1331 4761 :
1369 4709 1472 4761 nisi
1521 4706 1777 4762 fortassis
1818 4708 1920 4762 hoc
1956 4707 2089 4760 mihi
2130 4707 2285 4775 quis-

707 4820 852 4871 psam
894 4803 1028 4856 vitio
1059 4809 1236 4856 vertat
1281 4801 1427 4870 quod
1456 4801 1584 4855 dum
1646 4816 1838 4855 versor
1897 4799 2181 4854 vobiscum
2232 4811 2285 4854 ct

708 4910 952 4967 praesens
986 4909 1129 4958 sum,
1174 4894 1306 4947 totis
1341 4893 1553 4946 viribus
1588 4907 1877 4960 procurem
1913 4893 2151 4945 salutem
2188 4907 2281 4945 ve-

709 4994 904 5049 stram,
963 4983 1162 5037 absens
1198 4999 1293 5053 per
1346 4983 1612 5052 epistolas
1663 4981 1804 5035 viam
1850 4991 2279 5036 commonstrem

710 5076 774 5129 ad
806 5089 869 5129 ea
904 5089 1027 5143 quae
1080 5073 1288 5140 agenda
1318 5080 1467 5137 sunt,
1533 5080 1589 5127 et
1642 5072 1695 5125 in
1742 5071 1891 5124 nullo
1935 5085 2121 5124 eorum
2160 5086 2282 5139 qua:

710 5166 867 5224 vobis
891 5166 1046 5219 utilia
1081 5174 1230 5227 sunt,
1264 5166 1488 5232 segnior
1516 5165 1711 5218 luerim
1741 5172 1796 5217 et
1817 5163 2014 5217 absens
2046 5171 2098 5215 et
2142 5178 2280 5232 pra:-

710 5272 860 5313 sens.
896 5256 1109 5325 Siquid
1154 5258 1204 5308 in
1238 5255 1342 5309 hoc
1380 5270 1566 5325 pecco,
1608 5254 1915 5308 condonate
1967 5254 2102 5306 mihi
2137 5254 2279 5307 hanc

710 5349 987 5417 injuriam,
1043 5357 1095 5399 ct
1118 5348 1384 5417 ignoscite
1447 5346 1702 5415 injuriam
1763 5346 2006 5401 facienti.
2062 5343 2279 5399 ——-Nisi

710 5441 857 5509 quod
898 5455 1001 5510 ego
1039 5440 1151 5509 ipse
1175 5440 1305 5492 mihi
1342 5455 1448 5494 non
1482 5438 1827 5501 indulserim,
1856 5436 2041 5491 omnia
2072 5435 2280 5490 iaciens

706 5532 881 5597 gratia
920 5532 1116 5595 vestri,
1163 5547 1339 5600 neque
1372 5531 1701 5601 neglexerint
1751 5546 1867 5593 vos,
1919 5545 2049 5583 num
2088 5531 2138 5582 in
2176 5531 2279 5583 hoc

709 5622 1000 5677 inferiores
1062 5622 1288 5676 fuistis?
1347 5621 1491 5675 Num
1560 5624 1663 5676 hoc
1729 5621 1983 5690 injuriam
2035 5620 2280 5674 dot-itis?

704 5714 1022 5770 Coinlonate
1057 5717 1187 5771 mihi
1228 5716 1369 5769 hanc
1407 5715 1688 5784 injuriam.
1726 5735 1743 5766 ι
1786 5713 1924 5769 Ecce
1976 5717 2136 5769 tertio
2189 5731 2279 5783 pa-

705 5814 861 5863 ratus
906 5823 1027 5862 sum
1069 5818 1126 5861 ut
1174 5809 1411 5863 veniam.
1454 5825 1471 5858 ι
1537 5805 1815 5871 Secundo,
1866 5805 2065 5876 inquit,
2127 5807 2273 5870 veni,

2395 4627 2486 4672 τος
2519 4627 2533 4675 ;
2573 4630 2589 4661 ι
2632 4611 2694 4662 Εἰ
2730 4609 2802 4679 μὴ
2836 4611 2918 4661 ὅτι
2943 4610 3104 4671 αὐτὸς
3149 4608 3280 4675 ἐγώ.
3320 4628 3339 4661 ι
3377 4607 3675 4676 Πληκτικῷ
3709 4606 3856 4674 λόγῳ
3897 4609 3988 4656 12'-

2394 4717 2618 4772 χρηται.
2655 4702 2717 4753 Et
2748 4701 2821 4769 μὴ
2850 4701 2957 4769 ἄρα
2984 4718 3067 4762 τις
3099 4699 3258 4751 τοῦτό
3286 4716 3378 4768 μοι
3416 4698 3732 4765 ἐγκαλέσει,
3757 4698 3847 4749 ὅτε
3872 4700 3989 4748 ἐπι-

2395 4792 2946 4861 χωριάζωύμῖν,καὶ
2977 4792 3295 4861 ἐρχόμενος,
3350 4791 3516 4844 παντὶ
3568 4790 3751 4842 σθένει
3826 4791 3989 4856 κή-ῗοθ

2396 4901 2493 4952 μαι
2530 4884 2627 4951 τῆς
2662 4884 2939 4953 σωτηρίας
2973 4883 3154 4951 ὑμῶν.
3209 4884 3320 4935 Καὶ
3352 4881 3526 4945 ἀπὼν,
3586 4882 3654 4932 δι’
3681 4881 3987 4933 ἐπιστολῶν

2392 4976 2574 5044 ὁδηγῶ
2607 4976 2741 5045 πρὸς
2773 4977 2841 5027 τὰ
2865 4975 3137 5046 πρακτέα,
3188 4977 3282 5026 καὶ
3320 4974 3471 5026 οὐδὲν
3513 4973 3648 5041 πρὸς
3680 4974 3739 5023 ’ἐν
3770 4990 3819 5024 τι
3881 4973 3990 5023 τῷν

2393 5068 2521 5135 ύμῖν
2554 5066 3345 5137 συμφερόντωνἐρῤᾳθύμησα,
3378 5064 3531 5119 ἀπών
3548 5081 3605 5115 τε
3643 5064 3740 5115 καὶ
3776 5064 3988 5131 παρών.

2391 5161 2452 5211 Εἰ
2487 5160 2573 5212 διὰ
2607 5158 2768 5211 τοῦτο
2822 5159 3015 5223 ἀδικῶ,
3082 5158 3383 5229 χαρίσασθέ
3456 5175 3548 5225 μοι
3608 5156 3709 5223 τὴν
3774 5157 3991 5208 ἀδικὲαν

2391 5253 2612 5320 ταύτην,
2639 5253 2736 5305 κα)⁵
2759 5252 3034 5319 σύγγνωτε
3066 5251 3449 5321 ἀδικοῦντιη-
3474 5248 3673 5319 [ΦΩΤ.]
3704 5249 3765 5300 Εἰ
3798 5250 3870 5316 μὴ
3910 5252 3994 5299 ὅτι

2388 5345 2549 5408 αὐτὸς
2580 5346 2679 5398 οὐκ
2707 5345 2942 5399 ὲνέδωκα
2967 5345 3143 5402 πάντα
3178 5344 3454 5414 πράττων,
3481 5342 3643 5410 χάριν
3670 5342 3848 5408 ὑμῶν,
3873 5340 3993 5391 οὐδὲ

2389 5435 2823 5505 κατωλιγώρησα
2859 5435 3035 5504 ὑμῶν,
3075 5436 3149 5505 μὴ
3182 5434 3340 5486 τοῦτο
3379 5434 3694 5501 ἠττήῦητε;
3738 5431 3815 5498 μὴ
3835 5429 3996 5479 τοίτο

2387 5528 2602 5580 ἀδικίαν
2626 5529 2899 5598 νομίζετε,
2926 5527 3243 5597 Χαρισασθέ
3277 5544 3365 5595 μοι
3388 5525 3484 5596 τὴν
3506 5526 3724 5577 ἀδικίαν
3759 5525 3987 5589 ταύτην.

2393 5641 2410 5672 ι
2424 5620 2554 5675 Ἰδοὺ
2573 5624 2755 5691 τρῖτον
2772 5623 3000 5691 ἑτοίμως
3016 5621 3123 5690 ἔχω
3136 5620 3330 5675 ἐλθεῖν.
3346 5636 3363 5668 ι
3388 5617 3671 5686 Δεύτερον,
3690 5615 3881 5683 φησιν,
3895 5609 3995 5682 ἧλ-

2389 5712 2500 5772 Θον,
2525 5712 2633 5763 ἰδοὺ
2659 5712 2841 5783 τρίτον
2878 5710 3334 5782 παρεσκεύασμαι
3366 5707 3564 5769 ἐλθεῖν,
3594 5707 3689 5758 καὶ
3724 5709 3783 5755 ὲν
3815 5705 3993 5757 οἰνξεΐι

2388 5804 2487 5873 τῆς
2512 5804 2665 5874 ὑμῶν
2692 5803 2953 5876 ἀμελήσω
2973 5804 3267 5875 σωτηρίας.
3300 5796 3430 5853 Εἶτα
3460 5799 3545 5852 ἵνα
3582 5798 3658 5867 μὴ
3690 5800 3991 5867 vagiat-1n.
