4192 6458
238 462 377 526 1073

1195 464 1586 526 COMMEN'J‘.
1622 466 1699 527 IN
1744 467 1983 529 EPIST.
2035 471 2087 528 ll
2120 472 2219 529 AD
2246 471 2611 533 CURl-‘iTll.

3389 470 3530 535 1074

232 576 315 628 δτι
346 576 428 629 δεῖ
452 573 669 637 πάντως
692 571 855 627 αὐτὸν
883 573 1179 646 ἐρχόμενον
1240 576 1336 628 νῦν
1371 577 1503 646 γοῦν
1540 581 1818 651 τραφῆναι

1933 600 2063 641 ecce
2116 586 2284 641 tertio
2342 602 2625 658 prmparor
2668 585 2736 641 ad
2791 583 3148 650 veniendum,
3196 591 3251 638 et
3285 583 3341 638 in
3378 586 3527 641 nullo

233 667 366 733 παρ’
401 665 603 729 αὐτῶν,
637 665 876 735 μάλιστα
906 666 1097 736 ἐπειδὴ
1128 670 1221 719 καὶ
1256 669 1387 739 περὶ
1412 671 1605 724 τούτου
1650 673 1831 744 πολλῷ

230 758 611 826 διεξελήλυθεν
637 760 693 810 ἐν
727 761 840 822 τοῖς
872 758 1212 828 ἔμπροσθεν,
1248 760 1502 815 ἐντεῦθεν
1557 764 1660 835 ἤδη
1697 783 1831 836 προ-

232 854 453 919 αναιρεῖ
478 851 686 921 ταύτην
718 852 819 921 τὴν
856 853 1135 917 ὑπόνοιαν,
1160 855 1240 906 ὃτι
1276 854 1420 924 ὑμᾶς
1447 854 1607 923 Θέλω,
1658 859 1718 910 οὐ
1764 861 1832 912 τά

230 944 410 1013 ὑμῶν,
442 945 537 998 καὶ
565 945 710 1013 ὑμᾶς
737 946 957 1013 ἀγαπῶ,
976 947 1037 999 οὐ
1065 946 1132 1000 τὰ
1167 947 1345 1016 ὑμῶν,
1369 948 1560 1021 ὥσπερ
1588 952 1637 1003 οἱ
1661 952 1823 1019 ψευδ-

229 1041 545 1095 απόστολοι.
580 1038 712 1095 Εἶτα
774 1043 869 1097 καὶ
905 1042 1013 1095 ἀπὸ
1043 1043 1138 1096 τοῦ
1178 1045 1358 1099 κοινοῦ
1410 1045 1671 1116 λογισμοῦ
1726 1051 1820 1103 καὶ

228 1134 331 1202 τῆς
360 1134 602 1202 φύσεως,
629 1137 915 1188 πιστοῦται
942 1136 1031 1189 τὸν
1067 1137 1246 1205 λόγον,
1278 1140 1471 1193 ἑαυτὸν
1509 1141 1607 1210 μέν
1636 1143 1693 1195 ἐν
1716 1144 1813 1197 τά·

231 1223 313 1287 ξει
337 1226 566 1294 πατρὸς,
601 1226 847 1289 ἐκείνους
873 1226 929 1279 δὲ
952 1229 1008 1278 ἐν
1031 1227 1184 1293 τάξει
1212 1228 1437 1282 τέκνων.

1943 679 2310 751 negligentior
2349 694 2446 735 ero
2504 682 2653 734 circa
2711 686 2953 733 vestram
2996 676 3254 733 salutem.
3321 675 3526 732 Deinde

1943 774 2265 829 existiment
2295 773 2442 843 quod
2482 787 2633 826 nunc
2675 772 2853 843 ipsum
2912 770 3221 825 venientem
3270 778 3526 840 oporteat

1940 868 2164 919 omnino
2196 866 2264 921 ab
2290 866 2369 921 eis
2398 865 2493 930 ali,
2538 865 2776 919 maxime
2821 866 3085 936 quoniam
3136 864 3204 919 de
3240 866 3344 920 hoc
3387 880 3525 935 quo-

1936 971 2044 1027 que
2067 957 2254 1011 multis
2275 956 2535 1013 disseruit
2567 960 2618 1011 iu
2643 957 3020 1026 superioribus
3056 975 3069 1010 :
3105 955 3362 1025 hincjam
3390 958 3533 1012 tollit

1928 1048 2167 1119 primum
2206 1047 2348 1101 hanc
2388 1048 2759 1117 suspicionem
2796 1065 2807 1099 :
2843 1048 3102 1118 quoniam
3151 1062 3271 1110 vos,
3327 1046 3528 1115 inquit,

1924 1137 2110 1207 cupio,
2131 1151 2239 1191 non
2261 1150 2383 1205 quas
2407 1144 2587 1190 vestra
2620 1146 2770 1201 sunt,
2803 1146 2859 1191 et
2882 1150 2978 1190 vos
2998 1135 3165 1206 diligo
3193 1151 3299 1189 nou
3321 1145 3526 1197 vestra,

1936 1229 2411 1300 quemadmodum
2441 1228 2880 1300 pseudapostoli.
2913 1228 3119 1284 Deinde
3142 1228 3308 1282 etiam
3329 1242 3355 1280 a
3375 1241 3530 1280 com-

231 1318 384 1371 muni
430 1334 595 1374 sensu
640 1331 694 1374 et
747 1328 942 1375 natura
989 1336 1300 1376 sermonem
1346 1322 1637 1378 conﬁrmat
1684 1340 1701 1378 :
1741 1326 1984 1394 scipsum
2040 1325 2263 1392 quidem
2321 1324 2438 1377 vice
2491 1322 2669 1392 patris
2717 1336 2949 1393 ponens.
2994 1320 3120 1375 illos
3172 1331 3353 1374 autem
3408 1318 3529 1371 loco

228 1413 491 1469 ﬁliorum.

314 1505 463 1574 Ἐγὼ
481 1506 551 1558 δὲ
572 1505 787 1572 ἣδιστα
816 1507 1151 1575 δαπανήσω
1182 1509 1282 1563 καὶ
1311 1510 1818 1579 ἐκδαπανηθήσο-

228 1612 332 1656 μαι
366 1595 519 1663 ὑπὲρ
552 1595 671 1648 τῶν
697 1598 905 1665 ψυχῶν
936 1599 1121 1667 ὑμῶν,
1153 1602 1207 1653 εί
1253 1602 1350 1653 καὶ
1378 1603 1819 1668 περισσοτέρως

227 1686 392 1755 ὑμᾶς
420 1686 689 1755 ἀγαπῶν,
724 1685 907 1758 ἧττον
935 1691 1270 1761 ἀγαπῶμαι.
1292 1694 1491 1747 Ἔστω
1514 1693 1583 1746 δὲ
1608 1694 1723 1762 ἐγὼ
1748 1696 1819 1748 οὐ

229 1779 615 1848 κατεϐάρησα
632 1779 804 1849 ὑμᾶς.
822 1782 960 1836 ἀλλ’
974 1784 1265 1851 ὑπάρχων
1278 1799 1434 1838 πανο
1444 1786 1644 1854 ῦργος.
1664 1787 1823 1851 δόλῳ

230 1868 387 1939 ὑμᾶς
454 1874 695 1927 ἔλαϐον.
748 1874 843 1941 Μή
898 1892 1035 1929 τινα
1093 1868 1180 1930 ὧν
1258 1876 1613 1932 ἀπέσταλκα
1676 1878 1825 1945 πρὸς

232 1962 405 2031 ὑμᾶς,
436 1964 509 2017 δι’
534 1965 720 2019 αὑτοῦ
738 1966 1192 2035 ἐπλεονέκτησα
1220 1967 1405 2037 indic;
1440 1969 1832 2038 Hapsxdleca

238 2056 433 2121 Τίτον,
463 2056 559 2110 καὶ
619 2058 1077 2113 συναπέστειλα
1134 2061 1241 2113 τὸν
1274 2061 1566 2130 ἀδελφόν.
1626 2063 1724 2129 Μή
1776 2082 1831 2116 τι

228 2145 719 2215 ἐπλεονέκτησεν
750 2150 904 2219 ὑμᾶς
951 2151 1148 2217 Τίτος;
1192 2155 1274 2205 Οὐ
1305 2151 1386 2216 τῷ
1414 2152 1577 2216 αὐτῷ
1652 2156 1831 2207 πνεύ-

198 2251 372 2321 ματι
415 2238 983 2309 περιεπατήσαμεν;
1043 2243 1131 2313 Οὐ,
1164 2242 1293 2308 τοῖς
1326 2241 1533 2309 αὐτοῖς
1590 2243 1832 2312 ἴχνεσι;

230 2327 431 2382 Πάλιν
454 2329 684 2385 δοκεῖτε
714 2334 801 2385 ὅτι
830 2333 974 2402 ὑμῖν
994 2336 1478 2406 ἀπολογούμεθα.

316 2423 483 2492 Ὁρᾷς
513 2423 717 2488 πόσους
747 2426 991 2496 βαθμοὺς
1043 2427 1158 2498 ἔχει
1193 2429 1516 2500 ὑπερϐολῶν
1568 2430 1637 2484 τά
1688 2430 1831 2484 κατὰ

231 2515 326 2567 τὸν
350 2515 565 2570 Παῦλον
590 2536 605 2582 ;
642 2518 790 2572 Ἔδει
819 2520 1029 2586 λαϐεῖν,
1060 2522 1154 2574 τοῦ
1180 2523 1421 2593 Χριστοῦ
1454 2524 1617 2577 τοῦτο
1642 2524 1831 2577 κελεύ-

236 2625 458 2673 σαντος,
508 2609 603 2662 καὶ
650 2610 750 2663 οὐκ
809 2611 1023 2665 ἔλαϐεν.
1063 2614 1195 2667 Ἰόοὒ
1230 2610 1331 2678 εἷς.
1361 2616 1471 2669 Καὶ
1498 2616 1829 2686 ὑστερούμεο

234 2713 345 2758 νος.
390 2698 520 2751 Ἰδοὺ
540 2699 652 2752 δύο.
676 2701 783 2753 Καὶ
805 2702 991 2765 αὐτοῖς
1008 2705 1321 2772 κηρύσσων.
1368 2707 1684 2779 Ἰδουτρεῖς.
1722 2709 1829 2761 Καὶ

233 2790 296 2841 οὐ
335 2789 499 2859 μόνον
529 2791 590 2843 οὐ
620 2789 913 2860 λαμϐάνει,
952 2792 1089 2845 ἀλλὰ
1122 2794 1219 2846 καὶ
1253 2794 1351 2864 τὴν
1374 2797 1555 2867 σάρκα
1601 2800 1650 2851 εί
1692 2800 1823 2865 δέοι,

236 2882 587 2950 προσδίδωσι.
622 2883 920 2952 Τέσσαρες.
955 2878 1090 2937 Εἶτα
1123 2886 1221 2939 σὺν
1264 2890 1332 2957 τῇ
1373 2892 1559 2956 σαρκὶ,
1605 2894 1701 2943 καὶ
1728 2892 1828 2963 τὴν

234 2973 422 3040 ψυχὴν
454 2974 649 3043 αὑτήν.
680 2975 967 3044 Πέμπτον.
1012 2976 1124 3028 Καὶ
1176 2977 1316 3047 ὑπὲρ
1362 2979 1471 3032 τῶν
1509 2980 1584 3050 μὴ
1621 2983 1827 3054 σφόδρα

236 3062 540 3130 φιλούντων
569 3064 752 3117 αὐτόν.
792 3066 1012 3122 Ἕκτον.
1043 3069 1153 3121 Καὶ
1179 3070 1299 3122 οὐδὲ
1341 3071 1401 3123 τὸ
1424 3073 1724 3140 ἀγαπῶντα
1753 3076 1827 3146 μὴ

237 3153 588 3221 ἀγαπᾶσθαι,
619 3156 866 3225 ἐγκοπήν
889 3173 1011 3211 τινα
1049 3162 1211 3213 ποιεῖ.
1256 3161 1545 3231 Ἕϐδομον.
1587 3166 1728 3230 Ἐγὼ
1771 3167 1827 3219 δὲ

2006 1509 2127 1574 XII,
2164 1509 2357 1565 iii-i9.
2396 1508 2512 1579 Ego
2569 1525 2686 1562 vero
2722 1508 3069 1561 libentissime
3128 1508 3427 1574 impendam
3478 1508 3527 1558 et

1933 1599 2196 1664 trpeudar
2242 1614 2337 1666 pro
2402 1597 2684 1650 animabus
2726 1598 2909 1649 vestris
2944 1597 3114 1649 :licet
3176 1595 3387 1647 uberius
3437 1608 3526 1646 vos

1926 1689 2155 1756 diligens
2193 1690 2366 1741 minus
2413 1688 2632 1755 diligar.
2670 1685 2773 1740 Sed
2818 1694 2953 1747 esto,
3004 1686 3114 1753 ipse
3153 1699 3254 1735 non
3303 1672 3531 1751 gravati

1927 1798 2040 1845 vos,
2084 1798 2267 1834 verum
2302 1798 2421 1834 cum
2453 1797 2619 1833 essent
2648 1789 2882 1841 astutus,
2916 1778 3040 1830 dolo
3067 1793 3158 1829 eos
3190 1776 3317 1840 cepi.
3382 1773 3526 1825 Num

1931 1889 2022 1942 per
2043 1888 2356 1940 quemquam
2401 1888 2582 1924 eorum
2619 1888 2747 1939 quos
2781 1870 2906 1922 misi
2954 1869 3024 1921 ad
3069 1884 3162 1921 vos
3203 1863 3525 1920 circumveni

1942 1964 2069 2016 eos?
2104 1962 2300 2032 Rogavi
2360 1961 2564 2027 Titum,
2591 1971 2638 2013 et
2669 1977 2775 2013 una
2806 1975 2926 2013 cum
2978 1958 3073 2012 illo
3110 1957 3231 2011 misi
3275 1956 3525 2025 fratrem.

1939 2054 2083 2108 Num
2112 2056 2166 2107 in
2196 2056 2378 2124 aliqua
2414 2054 2759 2108 circumvenit
2791 2069 2881 2106 vos
2940 2050 3137 2105 Titus?
3199 2054 3392 2102 Annon
3438 2063 3527 2100 eo-

1936 2149 2054 2201 dem
2078 2149 2273 2215 spiritu
2300 2147 2689 2200 amba/animus
2715 2147 2738 2199 ?
2773 2161 2949 2198 annon
3002 2142 3196 2197 iisdem
3248 2140 3475 2210 vestigiis
3502 2140 3527 2191 Ζ)

1937 2239 2167 2293 Rursum
2193 2239 2552 2293 arbitramini
2580 2238 2719 2308 quod
2768 2253 2862 2289 nos
2893 2251 3074 2289 coram
3105 2233 3248 2288 vobis
3304 2246 3525 2288 excuse-

1936 2350 2051 2386 mus
2078 2336 2103 2388 .9

2006 2423 2194 2478 Viden‘
2226 2420 2708 2493 quotexcellentia:
2728 2418 2933 2491 gradus
2953 2418 3154 2473 habent
3169 2417 3322 2472 Pauli
3339 2422 3488 2484 gesta
3507 2414 3526 2471 ι

1933 2515 2116 2570 Potuit
2146 2516 2397 2583 accipere
2443 2528 2568 2566 cum
2608 2513 2713 2565 hoe
2745 2510 2966 2580 jubcret
3010 2509 3291 2574 Christus,
3320 2517 3374 2564 et
3410 2523 3521 2562 non

1934 2602 2144 2672 .‘lt‘t't‘pil
2187 2620 2198 2655 :
2234 2616 2363 2657 ecce
2426 2616 2592 2656 unus.
2654 2600 2720 2653 Et
2758 2614 2925 2670 egens
2973 2606 3092 2653 erat
3124 2616 3136 2650 :
3169 2613 3299 2652 ecce
3350 2599 3515 2651 alter.

1933 2696 2000 2750 Et
2028 2695 2189 2765 702
2226 2695 2362 2763 ipsis
2405 2692 2742 2765 praedicabat
2777 2711 2791 2745 :
2827 2694 2967 2748 Ecce
3001 2690 3223 2747 tertius.
3253 2688 3365 2744 Nec
3422 2705 3520 2745 so-

1935 2783 2043 2834 lum
2083 2797 2190 2834 non
2228 2782 2453 2851 accipit,
2491 2795 2683 2835 verum
2718 2782 2883 2834 etiam
2921 2780 2966 2834 si
2996 2794 3138 2850 opus
3171 2780 3265 2841 sit,
3293 2794 3519 2833 carnem

1935 2873 2275 2941 impenderet
2307 2891 2319 2924 :
2355 2887 2484 2925 cccc
2545 2879 2799 2940 quartus.
2858 2869 3064 2924 Deinde
3104 2884 3229 2924 cum
3288 2883 3519 2937 corpore.

1933 2966 2096 3017 ctiam
2131 2966 2368 3017 animam
2402 2964 2615 3031 ipsam;
2647 2976 2776 3018 ecce
2803 2963 3051 3032 quintus.
3104 2959 3277 3029 quue
3316 2975 3419 3032 pro
3451 2960 3521 3015 iis

1933 3054 2027 3125 qui
2063 3068 2169 3107 non
2219 3051 2513 3106 admodum
2556 3052 2734 3121 ipsum
2788 3059 3085 3107 amarent:
3128 3066 3258 3107 ecce
3301 3060 3517 3106 sextus.

1933 3145 2043 3196 lmo
2092 3158 2219 3197 cum
2275 3154 2453 3209 neque
2499 3150 2776 3197 amantem
2837 3145 3208 3205 redamarent,
3260 3142 3398 3197 nihil
3451 3145 3520 3195 de.

236 3252 447 3316 πατρὸς
483 3247 695 3316 ἐπέχων
720 3250 801 3311 είς
830 3249 976 3318 ὑμᾶς
996 3250 1250 3316 τάξιν,οὐ
1284 3253 1445 3319 μόνον
1466 3257 1525 3305 οὑ
1563 3254 1826 3324 ληψομαι,

1935 3256 2124 3294 amore
2173 3241 2433 3296 diminuit
2465 3261 2478 3298 :
2517 3258 2647 3297 ecce
2696 3241 2989 3311 septimus.
3042 3240 3155 3309 Ego
3188 3247 3395 3303 tamen,
3429 3239 3517 3290 in-

237 3336 378 3389 ἀλλὰ
429 3339 526 3390 καὶ
591 3340 837 3409 παρέξω,
954 3341 1050 3394 καὶ
1105 3343 1167 3395 οὺ
1207 3346 1489 3414 χρήματα,
1550 3346 1665 3398 ἀλλ’
1731 3348 1830 3401 αὐ-

234 3429 329 3483 τὸν
390 3431 492 3489 ἐμὲ
535 3431 631 3484 καὶ
677 3432 779 3502 τὴν
823 3432 1069 3501 ἐμαυτοῦ
1102 3435 1302 3503 σάρκα.
1357 3437 1528 3489 Τοῦτο
1584 3439 1695 3507 γὰρ
1747 3440 1826 3504 τὸ,

252 3521 837 3594 Έκδαπαιληθήσομαι,
868 3525 1143 3590 τουτέστι,
1200 3526 1303 3580 κᾶν
1358 3527 1455 3596 τὴν
1495 3529 1671 3599 σάρκα
1718 3531 1828 3583 δέοι

237 3614 587 3667 δαπανᾶσθαι
615 3616 754 3686 ὑπὲρ
778 3616 951 3686 ὑμῶν,
974 3619 1035 3670 οὐ
1064 3616 1342 3688 φείσομαι.
1369 3638 1386 3669 ι
1416 3620 1476 3672 El
1513 3622 1604 3672 καὶ
1636 3640 1829 3692 περισ-

240 3708 480 3776 σοτέρως
516 3708 662 3775 ὑμᾶς
710 3709 933 3775 ἀγαπῶ.
974 3728 993 3757 ι
1054 3712 1167 3762 Καὶ
1210 3709 1383 3763 ταῦτα
1432 3712 1587 3775 ποιῶ,
1642 3714 1826 3782 φησὶν,

237 3799 383 3867 ὑπὲρ
410 3797 519 3851 τῶν
559 3799 678 3852 λίαν
716 3800 816 3869 μὲν
841 3801 1205 3871 φιλουμένων,
1237 3798 1400 3873 ἧττον
1450 3804 1506 3857 δὲ
1568 3808 1831 3874 ἀγαπών-

236 3907 369 3944 των.
410 3908 429 3941 ε
472 3893 656 3973 Ἔστω
684 3891 742 3943 δὲ
773 3892 884 3961 ἐγὼ
927 3894 987 3946 οὐ
1022 3894 1377 3963 κατεϐάρησα
1415 3898 1582 3965 ὑμᾶς.
1613 3918 1641 3950 δ
1693 3899 1828 3951 Κατ’

238 3982 513 4052 ἐρώτησιν
542 3983 780 4053 προάγει
810 3983 900 4037 τὸν
929 3985 1110 4052 λόγον,
1140 3987 1234 4039 καί
1280 4004 1434 4055 φησι,
1487 3988 1644 4041 τοῦτο
1682 3990 1830 4059 ὠμο-

240 4074 494 4145 λόγηται,
521 4077 602 4129 ὅτι
640 4075 752 4145 ἐγὼ
785 4076 845 4130 οὐ
874 4076 1232 4150 κατεϐάρησα
1268 4079 1413 4146 ὑμᾶς
1444 4081 1500 4131 ἐν
1534 4080 1613 4149 τῷ
1640 4082 1830 4135 λαϐεῖν

238 4185 316 4221 τι.
355 4168 495 4219 Ἀλλ’
529 4169 793 4238 ὑπάρχων
854 4168 1185 4239 πανοῦργος,
1231 4170 1366 4239 δόλῳ
1418 4172 1563 4240 ὑμᾶς
1613 4172 1826 4237 ἔλαϐον,

239 4256 513 4321 τουτέστι,
536 4258 673 4328 δόλῳ
694 4260 839 4327 ὑμᾶς
874 4260 1349 4331 μετεχειρισάμην
1389 4262 1485 4314 καὶ
1542 4264 1826 4329 ἠκόντισα.

240 4350 352 4401 Καὶ
385 4348 496 4411 ἐγὼ
525 4351 622 4419 μὲν
666 4351 1115 4421 αὖτοπροσὼπως
1143 4353 1295 4405 οὐδὲν
1318 4355 1537 4421 εἴληφα.
1570 4351 1718 4425 Ἀρα
1753 4360 1827 4427 μὴ

238 4436 327 4489 διὰ
352 4438 537 4506 μέσων
594 4441 756 4491 τινῶν
795 4439 955 4493 τοῦτο
1015 4440 1248 4510 ἔπραξα,
1273 4443 1495 4510 πέμψας
1536 4448 1686 4508 τινίις
1736 4448 1828 4499 καὶ

239 4533 307 4585 δι’
352 4533 533 4585 αὐτῶν
567 4531 792 4600 λαϐών;
845 4535 1146 4604 Οὐμενοῦν.
1181 4539 1241 4589 Οἱ
1274 4536 1383 4606 γὰρ
1412 4537 1657 4601 ἐλθόντες
1692 4541 1827 4609 πρὸς

242 4625 410 4692 ὑμᾶς,
451 4627 733 4694 τοῖςέμοῖς
752 4627 953 4694 ἴχνεσιν
991 4627 1385 4697 ἠκολούθησαν.
1440 4648 1457 4679 ι
1498 4630 1575 4681 Δι’
1629 4632 1823 4685 ἑαυτοῦ

240 4715 647 4784 ἐπλεονέκτησα
698 4717 877 4785 ὑμᾶ;;
926 4737 944 4768 ι
973 4712 1096 4771 Οἷον
1120 4720 1208 4773 διὰ
1246 4723 1411 4790 μέσου
1454 4723 1654 4777 αὐτῶν.
1685 4725 1830 4793 Ὅρα

238 4808 319 4871 δὲ,
346 4807 662 4871 πλεονεξίαν
683 4808 856 4871 καλεῖ,
877 4809 938 4862 τὸ
951 4811 1100 4879 παρὰ
1117 4813 1363 4867 ἀκόντων
1376 4814 1585 4869 λαϐεῖν.
1605 4818 1713 4870 Καὶ
1730 4820 1829 4871 αὖ·

239 4904 358 4962 τοῖς
391 4901 448 4953 δὲ
476 4901 662 4970 ἡρέμα
714 4902 984 4968 ὀνειδίζει,
1019 4902 1094 4966 ὡς
1125 4906 1219 4957 καὶ
1252 4905 1433 4958 αὐτῶν
1490 4907 1829 4961 πλεονεκτεῖ-

228 4986 371 5044 σθαι
400 4993 740 5061 ήγουμένων,
770 4995 819 5046 εἰ
850 4993 1117 5063 θρέψουσι
1146 4995 1390 5049 Παῦλον.
1421 5016 1439 5049 ‹
1472 4999 1828 5069 Παρεκάλεσα

242 5083 425 5136 Τίτον.
459 5102 480 5135 s
510 5084 616 5137 Καὶ
661 5083 819 5137 τοῦτο
845 5085 1234 5149 ὀνειδιστικῶς.
1284 5088 1357 5140 Οὐ
1416 5089 1523 5159 γὰρ
1580 5088 1823 5159 ἔπεμψα,

240 5176 381 5228 ἀλλὰ
409 5177 787 5245 παρεκάλεσα,
817 5178 1036 5243 δεικνὺς
1063 5181 1146 5233 ὅτι
1179 5183 1227 5232 εξ
1284 5181 1378 5234 καὶ
1439 5182 1682 5251 εἴληφεν,
1726 5183 1825 5235 οὐκ

241 5267 476 5336 ἐσφάλη.
506 5268 580 5320 Οὐ
612 5266 724 5338 γάρ
753 5269 1093 5338 ξαύτομάτως
1115 5310 1130 5334 ,
1177 5270 1313 5325 ἀλλὰ
1366 5271 1505 5325 κατὰ
1548 5272 1825 5342 παράκλη-

242 5374 327 5409 σιν
358 5353 545 5426 ἦλθεν.
563 5357 703 5410 Ἀλλ’
720 5358 892 5427 ὅμως,
909 5359 1029 5412 οὐδὲ
1049 5359 1221 5421 οὕτως
1248 5361 1489 5431 εἴληφεν.
1510 5356 1621 5415 Ἦν
1641 5362 1698 5415 δὲ
1732 5364 1825 5415 καί

241 5465 364 5502 τινα
389 5449 547 5503 ἄλλον
575 5448 653 5519 τῷ
684 5450 830 5520 Τίτῳ
859 5452 1306 5515 συναποστείλας.
1348 5472 1365 5503 ι
1427 5454 1501 5505 Οὐ
1544 5452 1627 5525 τῷ
1678 5453 1825 5523 αὑτῷ

244 5536 517 5608 πνεύματι
548 5540 1081 5610 περιεπατήσαμενς
1125 5562 1143 5594 ι
1179 5542 1564 5609 Τουτέστιν,οὖ
1595 5548 1658 5616 τῇ
1686 5546 1822 5616 αὐτῇ

240 5626 426 5697 χάριτι
520 5629 614 5681 καὶ
650 5628 799 5697 ἐγώ;
838 5629 1009 5684 Τοῦτο
1062 5630 1210 5700 λέγει
1246 5632 1486 5703 πνεῦμα,
1521 5634 1688 5704 ἤγουν
1727 5636 1813 5706 χά-

244 5736 415 5788 ρισμα
436 5724 826 5790 πνευματικόν.
859 5724 1120 5795 Χάρισμα
1149 5727 1204 5778 δὲ
1235 5727 1391 5779 καλεῖ
1414 5728 1473 5779 τὸ
1505 5729 1738 5796 πρᾶγμα
1761 5729 1821 5781 τὸ

244 5810 599 5878 στενούμενον
621 5813 695 5881 μὴ
725 5812 933 5867 λαϐεῖν.
956 5816 1098 5885 Ὅρα
1126 5816 1179 5869 δὲ
1207 5816 1320 5879 πῶς
1340 5818 1407 5870 τὰ
1435 5818 1608 5870 οίκεῖα
1631 5835 1821 5885 κατορ-

245 5901 473 5973 Θώματα
500 5905 575 5975 τῷ
605 5905 1065 5982 Θεῴάναῖίθησι..
1085 5929 1100 5958 ι
1136 5910 1206 5963 Οὐ
1236 5912 1344 5974 τοῖς
1370 5911 1549 5972 αὐτοῖς
1579 5910 1741 5981 ἴχνεσι
1770 5927 1811 5976 ;ι

1932 3334 2071 3401 quit,
2098 3349 2220 3388 cum
2248 3334 2421 3404 patris
2452 3336 2627 3390 vicem
2715 3349 2864 3388 eram
2892 3348 3021 3403 erga
3061 3348 3180 3395 vos,
3212 3346 3319 3385 non
3354 3328 3517 3383 modo

1932 3443 2041 3481 non
2063 3428 2355 3497 accipiam,
2380 3442 2566 3481 verum
2592 3428 2756 3481 etiam
2783 3425 3041 3495 praebebo
3075 3440 3089 3478 :
3125 3438 3228 3478 nec
3250 3424 3514 3493 pecunias

1932 3527 2026 3572 aut
2068 3519 2472 3588 posseSsiones,
2536 3518 2631 3572 sed
2699 3519 2971 3587 meipsum
3026 3525 3081 3571 ct
3130 3530 3305 3569 meam
3340 3513 3517 3583 ipsius

1932 3626 2179 3664 carnem.
2218 3610 2349 3662 Nam
2380 3612 2482 3665 hoc
2517 3611 2771 3679 designat
2798 3628 2815 3660 ι
2837 3606 3131 3678 Expendar
3165 3625 3179 3663 :
3217 3625 3235 3658 ι
3274 3606 3377 3660 hoc
3404 3613 3518 3670 est,

1932 3704 2097 3754 etiam
2128 3703 2173 3756 si
2198 3717 2419 3755 carnem
2450 3708 2700 3771 oporteat
2731 3714 2831 3770 pro
2853 3700 3011 3753 vobis
3036 3698 3375 3769 impendere,
3406 3710 3513 3750 non

1936 3809 2179 3863 parcam.
2218 3813 2235 3844 ι
2280 3792 2433 3847 Licet
2463 3792 2689 3849 uberius
2721 3807 2820 3848 vos
2850 3792 3039 3863 diligo.
3080 3810 3099 3844 ι
3136 3789 3201 3844 Et
3254 3790 3390 3853 lucc,
3432 3789 3514 3843 in-

1932 3886 2071 3953 quit,
2120 3886 2259 3937 t‘aeio
2295 3900 2393 3953 pro
2433 3885 2519 3939 his
2545 3886 2636 3955 qni
2668 3886 3024 3938 vehementer
3052 3882 3275 3952 quidem
3324 3895 3516 3935 aman—

1933 3982 2041 4041 tur,
2082 3977 2173 4026 sed
2224 3976 2408 4028 minus
2440 3982 2651 4030 amant.
2692 3992 2709 4023 ι
2752 3973 2857 4027 Sed
2892 3981 3031 4037 esto,
3076 3986 3176 4042 ego
3230 3972 3346 4040 ipse
3400 3983 3512 4024 non

1934 4065 2151 4135 gravavi
2194 4080 2312 4117 vos.
2353 4082 2370 4114 ι
2407 4065 2508 4119 Per
2539 4064 3026 4134 interrogationem
3084 4059 3338 4132 producit
3391 4074 3513 4114 scr-

1937 4172 2041 4210 ιιιοὲ
2073 4176 2176 4218 sill,
2208 4166 2261 4212 et
2289 4159 2365 4211 ait
2398 4174 2410 4209 :
2441 4157 2556 4212 Hoc
2589 4158 2641 4210 in
2680 4156 2942 4211 confesso
2975 4164 3057 4210 est
3091 4154 3235 4223 quod
3261 4169 3363 4223 ego
3395 4153 3512 4221 ipse

1932 4267 2040 4304 non
2073 4252 2416 4321 gravaverim
2462 4265 2558 4304 vos
2586 4249 2913 4319 accipiendo
2943 4248 3245 4318 quidquam
3276 4264 3289 4300 :
3322 4261 3510 4301 verum

1933 4358 2057 4395 cum
2086 4350 2307 4397 astutus
2337 4357 2539 4403 essem,
2599 4341 2730 4395 dolo
2763 4354 2862 4395 vos
2905 4339 3024 4409 cepi
3056 4356 3070 4392 :
3101 4339 3207 4392 hoc
3239 4346 3343 4402 est,
3385 4336 3511 4391 dolo

1934 4447 2028 4485 vos
2062 4433 2288 4486 tractavi
2317 4444 2370 4487 et
2412 4446 2707 4503 aggressus
2731 4446 2849 4485 sum
2884 4447 2898 4483 :
2929 4439 2981 4485 et
3014 4444 3116 4499 ego
3147 4428 3365 4498 quidem
3393 4442 3515 4496 pro-

1934 4525 2049 4593 pria
2084 4540 2322 4594 persona
2357 4525 2489 4579 nihil
2525 4524 2715 4594 accepi
2746 4543 2759 4578 :
2790 4538 2921 4577 num
2959 4522 3125 4592 igitur
3177 4536 3272 4591 per
3301 4519 3512 4573 medios

1934 4619 2201 4684 quiisdum
2236 4619 2339 4672 hoc
2372 4618 2496 4679 feci,
2536 4618 2759 4671 mittens
2793 4617 3010 4685 aliquos
3036 4622 3091 4668 et
3136 4628 3232 4683 per
3262 4614 3387 4667 illos
3420 4626 3510 4665 ac-

1931 4710 2194 4778 cipiens?
2238 4710 2618 4780 Nequaquam.
2672 4708 2808 4763 Nam
2841 4709 2935 4777 qui
2971 4708 3035 4760 ad
3070 4721 3166 4761 vos
3213 4712 3506 4767 venerunt,

1934 4814 2051 4850 mea
2085 4798 2312 4868 vestigia
2372 4799 2543 4853 secuti
2588 4806 2735 4853 sunt.
2778 4816 2797 4849 ι
2832 4796 2970 4851 Num
3016 4811 3113 4865 per
3163 4810 3504 4864 quemquam

1933 4892 2268 4946 i-iri-umveni
2304 4892 2437 4945 vos?
2472 4911 2490 4943 ι
2525 4876 2641 4944 Hoc
2674 4899 2781 4954 est,
2818 4904 2915 4957 per
2942 4889 3183 4942 medium
3221 4888 3511 4957 ipsorum?

1937 4987 2067 5039 Vide
2098 4994 2279 5038 autem
2314 4983 2460 5052 quod
2507 4981 2755 5035 fraudem
2813 4994 2878 5033 ac
2923 4979 3297 5033 extorsionem
3360 4976 3509 5031 dicat

1931 5076 1999 5127 ah
2055 5074 2245 5129 invitis
2302 5058 2554 5141 accipere
2606 5068 2901 5139 :ipsisque
2945 5069 3111 5122 tacite
3151 5068 3505 5136 improperat,

1929 5166 2074 5234 quod
2112 5180 2170 5218 se
2204 5163 2612 5217 circumvenire
2638 5160 2904 5213 ducerent
2934 5159 2977 5211 si
3010 5157 3237 5210 Paulum
3272 5156 3505 5210 alerent.

1934 5276 1952 5309 ι
1991 5256 2196 5327 Rogavi
2226 5254 2432 5310 Titum.
2475 5272 2492 5303 ι
2547 5252 2609 5304 Et
2639 5252 2743 5305 hoc
2779 5266 2877 5319 per
2926 5248 3318 5317 improperium
3367 5246 3508 5299 dici-

1930 5360 2019 5404 tur
2059 5366 2071 5401 :
2110 5364 2217 5403 non
2250 5348 2393 5401 enim
2431 5345 2580 5410 misi,
2627 5341 2724 5398 sed
2760 5342 2947 5412 rogavi
2979 5358 2993 5393 :
3025 5338 3329 5393 ostendens
3356 5335 3506 5406 quod

1929 5445 1975 5497 si
1995 5443 2162 5498 etiam
2184 5439 2613 5509 accepissetnon
2641 5441 2930 5506 peccasset
2955 5449 2969 5487 :
3000 5445 3178 5502 neque
3200 5430 3347 5486 enim
3374 5442 3505 5500 pro-

1928 5537 2048 5607 pria
2084 5543 2277 5605 sponte
2308 5530 2590 5602 profectus
2621 5537 2724 5591 est,
2762 5527 2857 5584 sed
2906 5534 3133 5599 rogatus
3167 5543 3180 5579 :
3220 5532 3275 5580 et
3323 5533 3506 5579 tamen

1928 5643 1996 5684 ne
2029 5629 2103 5681 ita
2131 5626 2349 5697 quidem
2386 5622 2618 5693 accepit.
2652 5620 2874 5675 Miserat
2906 5626 3088 5674 autem
3108 5616 3278 5670 alium
3312 5628 3507 5685 quem-

1928 5722 2051 5775 dam
2078 5735 2183 5774 una
2220 5734 2343 5771 eum
2394 5716 2536 5771 Tito.
2590 5734 2608 5766 ‹
2684 5716 2876 5767 Annon
2931 5711 3123 5767 eodem
3157 5708 3351 5779 spiritu
3385 5721 3505 5760 am-

1929 5812 2277 5870 bulavimus?
2319 5831 2335 5863 ι
2384 5810 2434 5864 Id
2476 5818 2578 5871 est,
2621 5824 2803 5862 nonne
2854 5806 3044 5860 eadem
3082 5804 3253 5873 gratia
3288 5815 3393 5870 qua
3446 5807 3501 5853 et

1929 5909 2063 5979 ego?
2096 5904 2207 5962 Hoc
2240 5904 2493 5975 spiritum
2539 5901 2673 5959 dicit
2699 5901 2813 5956 sive
2853 5899 3054 5955 donum
3091 5895 3360 5967 spiritale.
3395 5888 3499 5946 Fa-
