4192 6458
702 334 844 399 I083

1806 325 2210 389 GECUME‘NII
2240 323 2533 384 TRICCAR
2567 321 2904 382 EPISCOPI

3840 318 3991 383 1084

698 455 908 502 tentare
939 459 1069 499 num
1114 442 1305 497 ﬁdeles
1352 440 1495 503 sitis,
1549 446 1604 494 et
1656 436 1933 508 ambigere
1989 437 2157 491 etiam
2222 436 2289 488 de

2395 432 2615 485 ἐλάϐετε
2656 433 2751 484 καὶ
2782 431 2959 500 ἔχετε,
2991 432 3038 483 εἰ
3081 430 3156 501 μὴ
3212 430 3504 501 ἀδοκίμους
3532 429 3757 496 ἑαυτοὺς
3804 452 3992 505 παρα-

700 538 862 592 vobis
934 537 1098 606 ipsis,
1156 534 1266 588 imo
1322 534 1508 601 potius
1559 532 1812 602 ignorare
1863 531 2090 585 omnino
2145 531 2289 598 quod

698 625 960 679 Christus
996 625 1049 676 in
1072 622 1223 674 vobis
1253 621 1344 675 sit.
1378 620 1516 673 Nam
1550 622 1593 673 si
1627 634 1732 672 non
1760 627 1843 672 est
1880 620 1930 672 in
1963 628 2294 689 praeceptore

697 718 970 777 Christus,
997 713 1169 768 multo
1198 712 1383 766 minus
1424 712 1478 765 in
1505 711 1815 779 discipulis.
1852 709 1957 763 Sed
1993 711 2289 777 quomodo,

701 808 900 877 inquit,
934 821 1042 860 non
1066 804 1403 874 cognoscitis
1438 802 1585 872 quod
1616 802 1873 859 Christus
1926 803 1977 855 in
2009 802 2166 857 vobis
2197 805 2287 865 sit.

702 905 793 971 qui
821 902 1190 957 etiamlvariis
1225 900 1386 955 donis
1413 900 1607 953 ditavit
1638 901 1777 953 vos?
1814 902 1893 951 An
1931 913 2024 966 per
2048 899 2291 952 actiones

699 1003 914 1051 vestras
948 994 1315 1049 constituistis
1354 1009 1451 1048 vos
1481 994 1629 1063 ipsos
1663 991 1924 1060 rcprolios
1954 999 2007 1044 ct
2037 990 2118 1043 his
2146 991 2292 1042 exci.

699 1089 909 1143 distis?
942 1088 1056 1142 lloc
1084 1096 1266 1143 autem
1313 1095 1419 1151 est,
1463 1103 1525 1140 ac
1552 1088 1596 1139 si
1633 1085 1778 1139 dicat
1812 1104 1823 1137 :
1862 1082 1917 1138 Si
1950 1100 2044 1138 vos
2073 1084 2214 1137 dona
2238 1091 2291 1137 et

700 1189 1026 1251 potestatem
1055 1182 1322 1237 adversus
1354 1181 1581 1251 spiritus
1631 1179 1944 1234 immundos
1998 1180 2290 1248 accepistis

697 1281 753 1326 et
811 1273 1046 1338 habetis,
1095 1274 1202 1328 nisi
1238 1289 1334 1328 vos
1363 1274 1509 1341 ipsos
1568 1271 1854 1327 eﬁiciendo
1906 1272 2168 1341 reprobus
2204 1272 2289 1325 his

698 1363 1067 1432 privaveritis,
1120 1378 1302 1417 annon
1374 1378 1475 1431 ego
1514 1364 1688 1416 multo
1743 1362 1915 1430 magis
1960 1369 2286 1430 potestatem

700 1452 876 1506 habeo
909 1454 1169 1508 adversus
1202 1467 1296 1508 eos
1320 1454 1412 1523 qui
1444 1454 1784 1522 impurorum
1819 1454 2128 1506 dzemonum
2189 1467 2285 1507 vo-

700 1543 942 1599 luntates
964 1544 1183 1612 explere
1215 1554 1506 1608 conantur,
1530 1547 1622 1613 qui
1648 1544 1786 1599 estis
1817 1561 1913 1598 vos
1944 1547 2096 1597 ?Aut
2122 1547 2284 1599 etiam

691 1635 803 1694 hoc
837 1635 1018 1689 modo.
1045 1633 1102 1688 In
1129 1651 1215 1690 me
1232 1637 1665 1705 experimentum
1688 1638 1932 1705 quan-itis
1963 1637 1985 1688 ?
2015 1651 2107 1690 vos
2133 1638 2284 1705 ipsos

698 1733 925 1789 tentate,
960 1710 1165 1781 acriter
1195 1743 1292 1782 vos
1326 1728 1476 1796 ipsos
1517 1730 1743 1797 probate
1774 1744 1842 1781 an
1872 1729 1998 1782 sitis
2050 1729 2102 1781 in
2159 1728 2283 1782 ﬁde.

697 1809 833 1863 Nam
864 1819 923 1863 ut
984 1819 1212 1880 apparet
1262 1813 1425 1865 etiam
1457 1814 1526 1866 ab
1584 1813 1688 1865 hac
1752 1813 2036 1866 excidistis
2065 1830 2079 1867 :
2109 1828 2286 1880 neque

698 1900 845 1953 enim
876 1900 1039 1953 aliter
1093 1902 1530 1971 experimentum
1573 1904 1908 1969 quaereretis.
1940 1901 2143 1956 Deinde
2166 1914 2285 1957 tan-

697 2004 862 2059 quam
912 1991 1171 2060 mitigans
1235 1991 1634 2045 vehementiam
1688 1991 2101 2060 iucrepationis,
2141 2012 2159 2044 ι
2201 1994 2285 2049 An

698 2097 806 2135 nou
835 2084 1195 2153 cognoscitis,
1230 2084 1430 2152 inquit,
1463 2084 1854 2151 vosmetipsos,
1897 2103 1915 2134 ι
1945 2086 2089 2153 quod
2123 2084 2285 2141 Jesus

696 2173 937 2228 christus
986 2176 1040 2227 iu
1090 2174 1245 2227 vobis
1297 2174 1369 2229 sit
1399 2174 1420 2227 ’ί
1448 2175 1526 2227 Ac
1580 2175 1626 2228 si
1682 2176 1828 2228 dicat
1865 2193 1876 2229 :
1921 2176 2031 2244 Ego
2076 2178 2148 2230 ita
2190 2195 2285 2234 vos

699 2280 977 2336 cognosco
1024 2267 1170 2336 quod
1222 2265 1474 2321 Christus
1522 2268 1571 2320 in
1636 2266 1789 2321 vobis
1853 2269 1924 2321 sit
1962 2270 2052 2323 :si
2102 2282 2283 2324 autem

700 2356 807 2428 ipsi
862 2359 965 2411 hoc
1001 2358 1287 2429 ignoratis,
1341 2371 1580 2413 vestrum
1635 2374 1767 2413 sane
1822 2370 2108 2428 peccatum
2171 2374 2279 2416 cst.

700 2446 892 2517 Itaque
920 2464 1017 2505 vos
1053 2452 1203 2520 ipsos
1237 2450 1502 2519 reprobos
1537 2450 1820 2505 eITecistis.
1853 2450 2027 2505 Simul
2070 2468 2288 2521 quoque

699 2542 956 2595 admonet
988 2559 1006 2595 :
1041 2543 1200 2611 quasi
1236 2543 1426 2596 dicat:
1459 2544 1515 2597 Si
1543 2559 1645 2612 ego
1695 2544 1974 2597 Christum
2029 2544 2081 2597 in
2134 2545 2288 2599 vobis

697 2646 823 2686 esse.
854 2648 1148 2702 cognosco,
1183 2635 1287 2690 nisi
1346 2637 1560 2703 reprobi
1631 2636 1759 2689 fat-ti
1809 2636 1950 2698 sitis,
2012 2639 2287 2705 quomodo

702 2728 801 2797 ipsi
824 2729 1005 2782 adhuc
1033 2731 1467 2798 experimentum
1501 2732 1619 2798 ejus
1655 2731 1707 2784 in
1738 2746 1823 2784 me
1880 2735 2139 2800 quaeretis
2176 2732 2290 2787 ?F.t

700 2816 1053 2871 manifestum
1080 2826 1160 2872 est
1198 2819 1489 2887 tripliciter
1516 2820 1691 2888 accipi
1745 2835 1908 2887 posse
1944 2822 2083 2875 hanc
2119 2823 2289 2890 parti-

699 2910 901 2973 cuiam,
960 2926 1054 2980 per
1107 2914 1401 2965 consilium
1463 2920 1517 2966 et
1565 2914 2000 2967 adhortationem
2074 2922 2132 2966 ut
2168 2914 2289 2968 aliis

699 2999 919 3070 placet:
979 3016 1074 3070 per
1132 3002 1531 3057 hmsitationem
1586 3011 1640 3056 et
1701 3003 2108 3058 accusationem
2149 3022 2160 3056 :
2196 3019 2292 3073 per

702 3093 1134 3161 iucrcpationem
1169 3109 1232 3148 ac
1267 3096 1750 3165 reprehensionem
1809 3096 1953 3151 sicut
2014 3112 2161 3151 nunc
2188 3111 2286 3151 ex-

2398 525 2771 584 σκευέισαντες
2817 521 3023 575 τούτων
3078 523 3409 594 ἐστερήθητε
3440 566 3454 589 ,
3487 527 3609 594 οὐχὶ
3652 526 3765 593 ἐγὼ
3803 528 3993 597 πολλῷ

2398 617 2598 685 μᾶλλον
2631 616 2884 679 ἐξουσίαν
2916 616 3023 686 ἔχω
3082 618 3225 669 κατᾶ
3264 615 3374 669 τῶν
3425 618 3492 670 τὰ
3541 620 3824 687 θελήματα
3867 620 3990 673 τῶν

2392 708 2722 776 ἀκαθάρτων
2769 707 3041 775 δαιμόνων
3103 708 3373 760 ἐπιτελεῖν
3431 710 3800 777 αἱρουμένων,
3841 710 3987 762 οἵτι-

2393 801 2480 861 νίς
2546 802 2668 851 ἐστε
2718 801 2919 869 ὑμεῖ;;
2965 800 3121 869 ἥκαὶ
3170 800 3363 861 οὕτως.
3426 800 3513 851 Ἐν
3567 802 3690 869 ἐμρὶ
3747 801 3989 869 δοκιμὴν

2393 892 2657 961 ζητεῖτε;
2712 893 2938 955 ἑαυτοὺς
2979 894 3295 962 πειράζετε.
3353 892 3797 960 Ἑπιπληκτικῶς
3848 895 3984 945 ἐαυ-

2390 990 2518 1050 τι-ιὺς
2560 986 2921 1056 δοκιμάζετε,
2952 989 2999 1040 εί
3038 987 3166 1041 ἐστὲ
3220 989 3277 1040 ἐν
3324 989 3391 1057 τῇ
3449 987 3653 1039 πίστει.
3731 988 3819 1050 ’ος
3870 990 3988 1055 πρὰρ

2393 1081 2557 1141 ἔοικε,
2619 1081 2710 1131 καὶ
2740 1078 2946 1148 ταύτης
2984 1079 3262 1149 ἐξέστητε,
3314 1079 3435 1131 ἐπεὶ
3486 1078 3547 1130 οὐ
3584 1077 3686 1132 κᾶν
3745 1079 3986 1148 δοκιμὴν

2392 1171 2731 1240 ἐπεζητεῖτε.
2786 1168 2918 1223 Εἶτα
2968 1171 3157 1240 ὥσπερ
3198 1172 3427 1223 λεαίνων
3476 1172 3536 1222 τὸ
3592 1172 3822 1241 σφοδρὸν
3882 1174 3986 1238 τῆς

2391 1264 2797 1335 ἐπιτιμήσεως,
2830 1282 2847 1313 ι
2884 1264 2952 1315 Ἣ
2983 1264 3083 1316 οὐκ
3133 1262 3531 1330 ἐπιγινώσκετε
3560 1302 3575 1327 ,
3634 1264 3823 1331 φησὶν,
3850 1265 3987 1316 ἐαυ-

2390 1357 2538 1417 τοῦς,
2570 1373 2587 1405 ι
2623 1355 2704 1407 ὅτι
2769 1353 2976 1421 Ἰησοῦς
3030 1354 3265 1423 Χριστὸς
3324 1356 3381 1405 ἐν
3430 1353 3559 1422 ὑμῖν
3607 1353 3796 1418 ἐστιν;
3860 1355 3988 1406 ἀντὶ

2391 1447 2482 1499 τοῦ
2515 1446 2624 1514 ἐγὼ
2652 1446 2826 1507 οὕτως
2863 1447 3009 1516 ὑμᾶς
3043 1444 3418 1512 ἐπιγινώσκω’
3475 1445 3601 1498 ὄτιὸ
3644 1445 3883 1515 Χριστὸς
3925 1450 3987 1499 ἐν

2392 1540 2539 1607 ὑμῖν.
2581 1539 2644 1590 Εἰ
2674 1538 2733 1589 δὲ
2765 1536 2920 1590 αιτοι
2953 1535 3113 1589 τοῦτο
3144 1538 3410 1603 ἀγνοεῖτε,
3447 1537 3600 1605 ὑμῶν
3644 1538 3753 1607 ἄρα
3780 1538 3843 1591 τὺ
3894 1540 3988 1605 ἔτ’

2390 1629 2597 1697 κλημα.
2632 1627 2847 1680 Οὐκοῦν
2904 1629 3135 1690 ἑαυτοὺς
3187 1628 3490 1696 ἀδοκίμους
3536 1629 3985 1698 ἁπειργάσασθε.

2392 1722 2543 1784 ’Ἅμα
2571 1720 2627 1772 δὲ
2660 1720 2754 1772 καὶ
2788 1721 3059 1789 ἐντρέπει.
3078 1720 3165 1782 '0;
3182 1721 3231 1771 εί
3263 1717 3373 1786 ἐγὼ
3396 1720 3486 1772 τὸν
3509 1721 3747 1788 Χριστὸν
3770 1723 3827 1773 ἐν
3856 1723 3989 1790 ὑμῖν

2390 1808 2531 1864 εἶναι
2556 1810 2811 1878 γινώσκω
2844 1812 2893 1863 εί
2915 1810 2990 1881 μὴ
3005 1811 3256 1880 ἀδόκιμοι
3277 1812 3562 1877 γεγόνατε,
3587 1812 3707 1873 πῶς
3724 1814 3883 1865 αὐτοὶ
3902 1815 3981 1864 ἔτι

2388 1904 2617 1971 δοκιμὴν
2648 1902 2814 1955 αὑτοῦ
2846 1904 2903 1955 ἐν
2924 1903 3050 1971 ἐμοὶ
3074 1903 3291 1970 ζητεῖτε
3322 1921 3335 1968 ;
3372 1906 3464 1955 καὶ
3480 1904 3641 1973 δῆλον
3664 1905 3747 1955 ὅτι
3777 1907 3940 1973 τριχτέ
3959 1923 3986 1967 ς

2388 1996 2534 2048 ἔστιν
2592 1994 2846 2047 ἐκλαϐεῖν
2906 1995 2966 2046 τὸ
3015 1995 3252 2065 χωρίον,
3309 1995 3452 2049 κατὰ
3506 1995 3820 2065 συμϐουλὴν
3894 2001 3989 2048 καὶ

2390 2087 2737 2157 παραίνεσιν,
2796 2087 2988 2158 ὥσπερ
3045 2086 3255 2158 ἕτεροι,
3310 2088 3457 2140 κατὰ
3503 2088 3855 2157 ἐπαπόρησιν
3893 2093 3989 2142 καὶ

2389 2182 2633 2249 ἔλεγχον,
2681 2180 2821 2232 κατὰ
2872 2178 3165 2248 ἐπίπληξιν
3230 2181 3323 2232 καὶ
3368 2182 3714 2250 ἐπιτίμησιν,
3773 2183 3851 2244 ὡς
3894 2182 3990 2234 νῦν

2388 2274 2652 2325 ἔκκειται.
2694 2292 2712 2323 r
2753 2274 2823 2325 Ἢ
2880 2274 2981 2325 οὐκ
3041 2274 3437 2341 ἐπιγινώσκετε
3503 2275 3756 2337 ἑαυτούς.
3790 2295 3809 2326 s
3864 2276 3990 2337 Πῶ;

2388 2365 2431 2417 δ’
2483 2363 2550 2416 ἂν
2597 2364 2901 2433 γνοίησαν;
2953 2366 3018 2416 ἐκ
3074 2364 3183 2417 τῶν
3225 2365 3469 2435 σημείων
3512 2357 3588 2417 ὧν
3636 2365 3882 2427 ἐποίουν,
3942 2370 3991 2416 εἰ

2390 2457 2471 2508 ἔτι
2531 2459 2736 2508 ποιοῖεν
2794 2456 2974 2521 αὐτὰ,
3039 2457 3225 2525 φησίν.
3284 2475 3300 2507 ι
3362 2458 3424 2508 Εἰ
3504 2458 3575 2526 μή
3635 2473 3689 2508 τι
3730 2459 3993 2525 ἀδόκιμοί

2390 2551 2533 2600 ἐστε.
2562 2566 2580 2599 s
2615 2546 2882 2601 Ἐνταῦθα
2907 2548 3001 2601 καὶ⁵
3028 2549 3106 2610 εἰς
3135 2549 3248 2617 βίον
3267 2548 3501 2618 πονηρὸν
3524 2549 3722 2611 αὐτοὺς
3746 2549 3994 2600 αἰνίττε-

2389 2658 2498 2693 ται.
2532 2642 2623 2690 Δεῖ
2649 2639 2757 2710 γὰρ
2781 2641 2872 2691 καὶ
2913 2642 3151 2699 πίστεως
3184 2640 3279 2691 καὶ
3300 2640 3439 2707 βίου,
3469 2640 3608 2710 πρδς
3653 2641 3719 2691 τὰ
3756 2644 3992 2707 σημεῖα,

2391 2731 2452 2782 Εἰ
2478 2725 2569 2782 οὖν
2594 2727 2686 2782 καί
2718 2732 2842 2781 ἐστε
2873 2730 2930 2781 ἐν
2966 2731 3031 2799 τῇ
3064 2728 3270 2789 πίστει,
3308 2730 3382 2799 μὴ
3418 2730 3511 2781 καὶ
3540 2730 3653 2798 βίον
3676 2730 3732 2783 δὲ
3783 2732 3995 2783 211i).-

2392 2818 2552 2887 λη).ον
2578 2818 2953 2885 ἐπιτηδεύετε,
2978 2821 3169 2886 φησὶν,
3199 2819 3450 2888 ἀδόκιμοί
3469 2822 3524 2872 τέ
3551 2822 3698 2882 ἐστε,
3736 2823 3833 2873 καὶ
3857 2823 3996 2890 Χρ;-

2394 2910 2517 2972 στος
2559 2912 2615 2961 ἐν
2669 2911 2799 2977 ὑμῖν
2840 2912 2941 2963 οὐκ
2977 2910 3147 2974 ἐστιν,
3190 2912 3311 2963 οὐδὲ
3336 2913 3423 2964 διὰ
3453 2913 3561 2964 τῶν
3592 2914 3841 2981 σημείων
3868 2915 3994 2965 δεί-

2392 3017 2548 3053 κνυσι
2572 3000 2761 3071 παρὼν
2788 3001 2925 3069 πρὸς
2956 3002 3121 3070 ὑμᾶς.
3148 3020 3166 3052 ι
3190 3000 3426 3065 Ἐλπίζω
3453 3002 3508 3054 δὲ
3538 3001 3619 3054 ὅτι
3644 3002 3947 3069 γνώσεσθε.
3966 3024 3988 3053 ο

2398 3092 2455 3143 Εἰ
2482 3092 2538 3144 δὲ
2571 3091 2705 3152 ὅλως
2733 3093 2891 3160 ὑμεῖς
2921 3095 2993 3162 μή
3033 3095 3156 3145 ἐστε
3197 3093 3466 3161 ἀδόκιμοι,
3506 3094 3709 3155 ἐλπίζω
3762 3097 3846 3147 ὅτι
3906 3096 3994 3147 διὰ

699 3183 977 3251 ponimus.
1022 3202 1041 3235 ι
1098 3185 1296 3239 Annon
1341 3188 1674 3257 cognoscitis
1735 3202 1830 3240 vos
1865 3188 2030 3256 ipsos.
2070 3207 2090 3239 ι
2138 3187 2287 3253 Quo-

2395 3184 2491 3252 τῆς
2525 3186 2605 3246 είς
2661 3186 2806 3253 ὑμᾶς
2852 3185 3122 3253 τιμωρίας
3171 3185 3448 3252 γνώσεσθε
3478 3225 3490 3247 ,
3538 3187 3620 3237 ὅτι
3674 3188 3841 3255 ἡμεῖς
3894 3186 3996 3238 (.57.

702 3274 865 3328 modo
893 3283 1076 3329 autem
1107 3285 1363 3345 poterant
1386 3278 1772 3347 cognoscere?
1814 3295 1879 3331 ex
1938 3278 2112 3345 signis
2170 3294 2288 3345 quae

700 3363 955 3429 edebant,
991 3375 1172 3420 utrum
1205 3383 1268 3421 ea
1306 3368 1485 3421 adhuc
1530 3368 1775 3422 ederent.
1817 3386 1834 3417 ι
1867 3368 1978 3423 Nisi
2012 3369 2063 3421 iu
2103 3369 2289 3436 aliquo

702 3459 922 3524 reprobi
953 3458 1106 3512 estis.
1148 3477 1166 3508 ι
1208 3459 1321 3511 Hoc
1351 3458 1470 3511 loco
1533 3460 1697 3512 etiam
1754 3472 1933 3526 pravae
1984 3460 2106 3512 vita:
2147 3460 2287 3511 clam

702 3559 797 3599 eos
836 3545 1153 3602 insimulat:
1187 3548 1467 3617 Siquidem
1496 3558 1547 3602 et
1578 3548 1680 3603 ﬁde
1723 3558 1777 3603 et
1816 3557 1966 3603 recta
2005 3550 2115 3603 vita
2149 3565 2289 3618 opus

2399 3278 2571 3343 ἐσμεν
2596 3276 2869 3343 ἀδόκιμοι.
2928 3276 3076 3327 Ἔδει
3118 3276 3219 3345 μὲν
3258 3273 3350 3328 οὖν
3389 3277 3534 3344 ἄλλῳ
3562 3276 3749 3344 τρόπῳ
3785 3278 3997 3343 γνῶναι

2400 3369 2544 3435 ὑμᾶς
2584 3368 2677 3420 καὶ
2727 3368 2927 3419 εἰδέναι
2967 3367 3049 3419 ὅτι
3109 3367 3323 3435 δόκιμοί
3356 3370 3547 3434 ἐσμεν.
3588 3368 3812 3437 Ἐπειδὴ
3842 3368 3901 3419 δὲ
3935 3370 3994 3419 οὔ

2400 3457 2700 3526 βούλεσθε,
2735 3457 2823 3510 διὰ
2874 3460 2972 3527 τῆς
3020 3457 3173 3527 ὑμῶν
3226 3460 3499 3528 τιμωρίας
3558 3458 3719 3512 τοῦτο
3776 3460 3995 3526 γνώσε-

2403 3548 2524 3603 σΟε.

702 3637 888 3690 estad
926 3637 1101 3705 signa.
1150 3640 1341 3709 Itaque
1399 3642 1527 3696 licet
1558 3643 1611 3696 in
1644 3641 1746 3695 ﬁde
1810 3643 1953 3705 sitis,
2021 3642 2184 3712 709
2256 3643 2359 3695 nisi
2414 3650 2468 3693 et
2528 3643 2695 3695 vitam
2755 3642 3120 3696 conformiter
3179 3644 3504 3709 instituatis,
3572 3645 3790 3714 reprobi
3832 3646 3994 3699 estis.

706 3724 903 3796 inquit,
936 3739 990 3783 et
1022 3731 1275 3786 Christus
1307 3736 1359 3787 in
1399 3734 1555 3788 vobis
1589 3749 1699 3788 non
1723 3742 1829 3800 est,
1895 3750 2070 3803 neque
2109 3735 2284 3803 signis
2328 3732 2566 3786 ostendit
2594 3733 2739 3801 quod
2779 3748 3019 3801 praesens
3046 3734 3118 3787 sit
3150 3736 3294 3801 apud
3341 3750 3457 3787 vos.
3498 3753 3515 3785 ι
3554 3735 3621 3785 At
3674 3748 3841 3803 spero
3897 3748 3999 3785 vos

704 3826 1042 3893 cognituros.
1082 3846 1101 3879 ι
1135 3826 1190 3881 Si
1220 3839 1401 3883 autem
1469 3846 1572 3883 non
1625 3832 1852 3883 omnino
1911 3829 2129 3899 reprobi
2170 3829 2325 3890 estis.
2370 3844 2534 3897 spero
2582 3843 2678 3882 vos
2710 3829 3027 3895 cognituros
3052 3843 3146 3897 per
3191 3828 3451 3881 ultionem
3515 3844 3636 3897 quae
3680 3829 3733 3880 iu
3772 3844 3869 3881 vos
3907 3829 3997 3880 ﬁJ

703 3918 847 3986 quod
881 3935 982 3975 nos
1017 3936 1125 3975 non
1162 3922 1338 3978 simus
1381 3923 1621 3992 reprobi.
1657 3924 1947 3993 Oporteret
1973 3924 2161 3992 utique
2230 3936 2329 3973 vos
2374 3922 2481 3973 alio
2530 3920 2691 3973 modo
2721 3934 3058 3987 cognoscere
3089 3934 3151 3974 ac
3184 3921 3327 3974 scire
3352 3921 3496 3989 quod
3525 3921 3739 3990 probati
3771 3922 3950 3973 simus
3983 3964 3990 3971 .

704 4016 964 4082 quoniam
990 4023 1173 4070 autem
1202 4031 1309 4068 non
1338 4016 1523 4080 vultis,
1558 4031 1652 4085 per
1714 4016 2044 4086 supplicium
2116 4024 2359 4068 vestrum
2402 4013 2773 4082 cognoscetis.

686 4172 693 4181 .
776 4127 914 4191 XIII,
940 4128 1060 4183 7-9.
1103 4128 1235 4195 Opto
1275 4139 1450 4181 autem
1488 4130 1628 4197 apud
1668 4127 1832 4181 Deum
1881 4145 1941 4181 ne
1984 4128 2109 4196 quid
2160 4130 2289 4180 mali

710 4221 948 4288 faciatis,
972 4237 1072 4272 non
1102 4237 1204 4289 quo
1234 4238 1327 4273 nos
1357 4222 1564 4287 probati
1596 4236 1970 4288 appureamus,
2001 4220 2089 4272 sed
2120 4229 2172 4271 ut
2203 4237 2288 4272 ros

708 4312 848 4380 quod
887 4314 1161 4366 honestum
1202 4323 1280 4367 est
1324 4314 1562 4380 faciatis,
1612 4330 1705 4366 uas
1751 4329 1869 4365 vero
1903 4315 2039 4365 uelut
2084 4314 2289 4379 reprnbi

2473 4128 2737 4195 Εὕχομαι
2769 4127 2837 4179 δὲ
2860 4128 3010 4195 πρὸς
3038 4126 3145 4180 τὸν
3178 4126 3329 4180 Θεὸν
3384 4126 3470 4194 μὴ
3526 4124 3779 4193 ποιῆσαι
3840 4130 3999 4196 ὑμᾶς

2398 4220 2591 4273 κακὸν
2637 4220 2857 4288 μηδὲν,
2886 4223 2997 4287 οὐχ
3047 4221 3149 4272 ἵνα
3187 4218 3358 4286 ἡμεῖς
3403 4218 3636 4286 δόκιμοι
3683 4219 3998 4287 φανῶμεν,

2396 4310 2662 4363 ἀίϊῖνα
2723 4309 2894 4377 ὑμεῖς
2941 4309 3006 4361 τὸ
3047 4309 3245 4362 καλὸν
3297 4308 3529 4374 ποιῆτε,
3584 4309 3754 4376 ἡμεῖς
3808 4310 3879 4361 δὲ
3914 4313 3999 4375 ὡς

712 4404 879 4455 sinius
916 4420 1015 4455 non
1046 4406 1182 4455 enim
1210 4420 1489 4470 possumus
1513 4405 1797 4472 quidquam
1822 4405 2073 4457 adrcrsus
2105 4406 2290 4457 vetitam

2400 4402 2670 4467 ἀδόκιμοι
2715 4396 2893 4467 ὦμεν.
2944 4403 3026 4453 Οὐ
3076 4400 3187 4467 γὰρ
3243 4399 3549 4465 δυνάμεθὰ
3599 4417 3653 4451 τι
3697 4403 3852 4455 κατὰ
3887 4403 4002 4469 τῆς

716 4503 840 4557 tem,
878 4496 965 4547 sed
1010 4510 1104 4558 pro
1140 4495 1378 4547 veritate.
1418 4493 1724 4549 Gaudemus
1756 4498 1892 4549 enim
1927 4514 2039 4549 cum
2078 4514 2171 4549 nos
2213 4500 2297 4547 in-

715 4586 855 4651 ﬁrmi
884 4586 1164 4652 fuerimus,
1192 4604 1277 4640 t-os
1306 4598 1478 4641 autem
1510 4589 1675 4641 validi
1717 4590 1946 4656 fueritis.
1979 4589 2092 4642 Iloc
2120 4604 2294 4642 uiuum

714 4677 926 4743 insuper
958 4688 1201 4744 optamus
1238 4691 1466 4733 vestram
1503 4681 1882 4748 integritatem.
1997 4668 2007 4677 ’

788 4901 925 4955 Vide
985 4909 1225 4955 mentem
1288 4902 1724 4971 philoSOphicam
1789 4923 1802 4959 :
1866 4905 2295 4973 despiciehatur,

717 4993 1168 5047 subsannabatur
1200 5002 1457 5062 tanquam
1497 4994 1631 5047 nihil
1675 5004 1884 5062 posset,
1920 4996 2015 5048 sed
2057 4997 2107 5047 in
2152 4999 2296 5049 litte-

720 5087 796 5140 ris
824 5085 1471 5155 duutaxatgloriarctur:
1508 5095 1562 5140 et
1595 5103 1701 5140 non
1732 5089 1893 5140 modo
1925 5087 2125 5153 diﬁ'ert,
2149 5090 2299 5142 illato

718 5177 988 5232 adversus
1026 5179 1150 5232 illos
1185 5178 1476 5247 supplicio,
1510 5183 1787 5248 propriam
1823 5182 2171 5235 manifestare
2205 5199 2298 5250 po-

719 5268 948 5319 tentiam
988 5284 1001 5318 :
1040 5285 1226 5323 verum
1262 5270 1424 5322 etiam
1463 5279 1722 5339 precatur
1762 5288 1830 5325 ne
1861 5274 2077 5341 quando
2110 5275 2162 5327 in
2201 5291 2297 5327 ne-

720 5362 1037 5415 cessitatem
1087 5362 1292 5415 incidat
1348 5364 1490 5417 hanc
1539 5364 1973 5419 demonstrandi.
2017 5367 2301 5430 Quomodo

722 5468 853 5520 θυμω
876 5462 931 5507 et
956 5468 1147 5522 speras
1172 5454 1315 5522 quod
1348 5458 1610 5523 probatus
1639 5459 1948 5524 apparebis.
1974 5473 2301 5524 rursmuquc

726 5545 971 5612 precaris
1009 5560 1077 5599 ne
1120 5543 1253 5597 ﬁat?
1309 5544 1513 5599 Precor
1543 5546 1763 5616 quidem
1808 5556 1866 5600 ut
1906 5563 2001 5601 vos
2047 5550 2299 5600 meliores

723 5638 1046 5701 reddamini,
1099 5652 1200 5691 nec
1248 5638 1378 5690 mihi
1429 5652 1563 5705 opus
1608 5639 1676 5694 sit
1724 5638 1926 5692 inferre
1962 5640 2011 5689 in
2050 5654 2143 5692 vos
2173 5655 2301 5707 sup-

724 5727 974 5799 plicium,
1024 5739 1118 5785 aut
1169 5744 1254 5784 mc
1297 5730 1587 5801 probatum
1637 5747 1701 5787 ex
1758 5732 1861 5786 hoc
1912 5731 2148 5786 ostendi.
2188 5730 2299 5785 Iloc

2403 4493 2709 4557 ἀληθείας,
2771 4492 2909 4545 ἀλλ’
2974 4489 3127 4557 ὑπὲρ
3161 4489 3273 4556 τῆς
3324 4490 3635 4555 ἀληθείας.
3699 4492 4001 4561 Χαίρςμεν

2404 4587 2512 4652 γὰρ
2566 4586 2712 4637 ὅταν
2740 4584 2912 4650 ἡμεῖς
2956 4582 3326 4650 ἀσθενῶμεν,
3389 4582 3557 4650 ὑμεῖς
3619 4583 3686 4636 δὲ
3742 4585 3998 4639 δυναταὶ

2402 4674 2525 4745 ἦτε.
2568 4674 2746 4728 Τοῦτο
2772 4674 2840 4727 δὲ
2879 4674 2977 4727 καὶ
3003 4677 3303 4743 εὐχόμεθα
3330 4673 3443 4740 τὴν
3496 4672 3660 4742 ὑμῶν
3716 4676 3998 4743 κατάρτι-

2403 4786 2527 4825 σιν.

2477 4911 2619 4977 "Op;
2668 4907 2957 4975 (911630;ng
3015 4902 3264 4974 γνώμην,
3334 4906 3740 4972 κατεᾳρονεῖτο,
3815 4909 3999 4973 sxw;-

2403 5000 2591 5071 ῳδεῖτο
2622 5000 2695 5061 ὡς
2725 4999 2877 5051 οὐδὲν
2908 4998 3231 5065 δυνάμενος,
3263 4996 3376 5048 ἀλλ’
3424 5000 3480 5048 ἐν
3512 4997 3806 5064 γράμμασι
3832 4999 3995 5065 μόνον

2404 5091 2725 5159 κομπάζων.
2762 5091 2872 5141 Καὶ
2901 5090 2961 5140 οὐ
2999 5090 3160 5155 μόνον
3210 5087 3571 5139 ἀναϐάλλεται
3608 5088 3695 5139 διὰ
3725 5093 3825 5155 τῆς
3868 5091 3995 5140 κατ’

2404 5183 2626 5233 ἐκείνων
2680 5180 2951 5249 τιμωρίας
3004 5179 3104 5248 τὴν
3154 5180 3363 5230 οἰκείαν
3439 5178 3593 5246 ἰσχὺν
3649 5180 3989 5246 φανερῷσαο,

2403 5274 2538 5327 ἀλλὰ
2565 5273 2659 5325 καὶ
2690 5272 2908 5340 εὔχεται
2938 5270 3013 5339 μὴ
3044 5273 3303 5337 ἐμπεσεῖν
3339 5260 3467 5320 ποτε
3502 5272 3580 5330 είς
3610 5272 3861 5337 ἀιατκην
3898 5271 3993 5323 τοῦ

2402 5366 2606 5434 ταύτην
2632 5365 2916 5429 ἐπιδεῖξαι.
2943 5389 3011 5399 —
3038 5361 3238 5433 [ΦΩΤ,]
3298 5362 3421 5422 Πῶς
3460 5360 3554 5412 οὖν
3595 5363 3690 5412 καὶ
3749 5362 3992 5423 ἐλπίζεις

2402 5457 2625 5523 δόκιμος
2677 5456 2934 5523 ὀφθῆναι,
3002 5455 3098 5506 καὶ
3158 5454 3318 5505 πάλιν
3372 5453 3509 5522 εὔχῃ
3560 5452 3637 5521 μὴ
3695 5453 3988 5515 γε·ιέσθαί;

2404 5546 2635 5617 εὔχομαι
2666 5547 2764 5615 μὲν
2799 5546 3157 5614 βελτιωθῆναι
3186 5546 3350 5614 ὑμᾶς,
3372 5545 3465 5596 καὶ
3504 5543 3578 5612 μὴ
3600 5544 3863 5612 δεηθῆναί
3921 5561 3989 5612 με

2404 5639 2503 5706 τῆς
2533 5641 2617 5705 ἐφ’
2642 5640 2784 5707 ὑμᾶς
2821 5639 3106 5707 τιμωρίας,
3147 5637 3276 5706 μηξέ
3327 5637 3547 5703 δόκιμον
3582 5638 3638 5686 ἐν
3674 5635 3847 5703 ταύτῃ
3875 5636 3990 5685 δια-

2404 5730 2705 5800 δειιθῆναι.
2767 5729 2935 5783 Ἰὀῦτο
2995 5728 3243 5799 εὔχομαι,
3313 5733 3368 5780 ἐν
3413 5726 3789 5795 τούτιειχαίρω
3841 5728 3899 5778 ΕΞ
3932 5727 3986 5778 δὲ
