4192 6458
734 383 868 445 1087

1828 368 2230 433 (ECUMENII
2262 368 2556 428 TRICCE.
2592 368 2931 427 EPISCOPI

3862 362 4001 427 1088

728 493 904 548 uncti
947 507 1145 545 omnes.
1189 489 1378 543 Cratia
1417 486 1629 541 Domini
1660 484 1787 538 Jestt
1814 484 1974 554 711
2004 482 2221 542 Christi,
2258 488 2305 532 et

2421 474 2608 535 ξονι-αι
2664 475 2815 543 ὑμᾶς
2858 478 2911 527 οι
2940 475 3093 542 ἅγιοι
3149 474 3391 539 πάντες.
3440 473 3501 528 Ἡ
3525 474 3699 542 χάρις
3740 474 3845 527 τοῦ
3881 479 3998 530 Κυ-

728 582 982 636 Charitas
1029 580 1146 641 Dei.
1190 591 1237 633 et
1289 578 1699 631 communicatio
1750 574 1985 645 Spiritus
2027 574 2199 627 sancti
2239 573 2308 625 sit

2421 568 2543 631 ρίου
2588 566 2793 633 Ἰησοῦ
2833 566 3110 635 Χριστοῦ,
3148 565 3244 618 καί
3269 566 3305 627 ἡ
3338 564 3535 634 ἀγάπη
3567 565 3673 617 τοῦ
3708 566 3879 628 Θεοῦ,
3899 569 3998 621 καί

727 689 846 727 cum
878 673 1120 727 omnibus
1158 672 1295 725 vobis
1351 672 1540 726 Amen.

803 847 1099 913 Postquam
1129 860 1252 914 ego,
1283 845 1483 914 inquit,
1508 844 1651 915 quod
1682 858 1861 896 mettm
1892 850 1978 897 est
2017 840 2118 896 feci
2158 857 2171 894 :
2206 843 2311 896 hoc

728 947 834 1001 est,
856 937 1149 991 consilium
1181 936 1305 990 dedi
1338 952 1402 990 ac
1436 937 1675 989 minattts
1710 949 1828 988 smn
1866 954 1877 988 :
1923 934 2194 1003 reliquum
2229 942 2313 987 est

730 1037 789 1081 ιιι
838 1036 891 1080 et
937 1042 1036 1080 vos
1080 1042 1202 1095 qua:
1245 1035 1428 1080 vestra
1470 1034 1599 1080 sunt
1642 1023 1967 1088 conferatis,
2018 1039 2211 1092 nempe
2253 1030 2310 1076 ut

731 1119 1033 1187 gaudeatis.
1077 1118 1395 1173 Gantlebitis
1440 1127 1623 1171 autem
1674 1118 1929 1179 correcti,
1974 1127 2028 1169 et
2073 1129 2217 1168 nunc
2258 1123 2312 1168 el.

731 1210 784 1262 in
825 1209 1097 1264 futurum.
1151 1229 1169 1261 ι
1205 1210 1466 1264 Gaudete.
1502 1228 1520 1260 ι
1569 1210 1816 1263 Scientes
1869 1207 2017 1278 quod
2073 1222 2135 1260 ea
2189 1223 2313 1277 quae

729 1303 1102 1356 comminatus
1148 1317 1293 1367 sttm,
1342 1316 1521 1371 neque
1567 1302 1667 1355 hoc
1708 1302 1871 1370 cupio
1913 1318 1925 1353 :
1961 1300 2095 1369 quin
2138 1300 2312 1367 magis

733 1388 947 1459 relsgio
989 1406 1054 1444 ne
1089 1390 1237 1456 ﬁant,
1280 1393 1519 1444 tninatus
1556 1400 1761 1452 autem,
1805 1400 1864 1442 ut
1896 1391 2132 1443 correcti
2177 1389 2311 1441 nihil

732 1482 889 1535 triste
937 1482 1248 1550 patiamini,
1285 1483 1405 1536 ideo
1453 1480 1705 1551 gaudete.
1756 1502 1773 1531 ι
1812 1478 2013 1549 lntegri
2056 1488 2252 1534 estote.
2290 1499 2307 1533 ι

732 1570 845 1625 lloc
873 1580 980 1639 est,
1019 1573 1242 1642 perfecti
1275 1572 1420 1636 sitis,
1446 1574 1716 1641 complete
1752 1588 1815 1626 ea
1847 1589 1967 1642 qua:
2002 1572 2225 1636 desunt,
2261 1573 2312 1627 in

730 1664 931 1719 virtute
980 1664 1361 1733 perﬁciamini,
1402 1672 1455 1717 et
1489 1676 1685 1718 cmtera
1730 1663 1915 1718 facite.
1950 1664 2086 1717 Nam
2130 1665 2177 1720 si
2220 1681 2314 1719 vos

730 1754 846 1808 lucc
881 1754 1218 1825 operemini,
1260 1769 1366 1808 non
1417 1754 1594 1806 solum
1632 1754 1767 1807 nihil
1799 1769 1965 1825 grave
2001 1754 2309 1824 patiemini,

2413 662 2449 727 ἡ
2482 661 2760 712 κοινωνία
2807 658 2913 713 τοῦ
2946 659 3118 730 ἁγίου
3148 660 3520 727 Πνεύματος,
3566 660 3717 729 μετὰ
3740 660 3993 715 πάντων

2416 750 2605 819 ὑμῶν.
2652 750 2861 819 Ἀμήν.

2484 843 2640 895 Μετὰ
2674 842 2871 912 τὸὲμὲ,
2902 841 3055 912 φησὶ,
3078 841 3139 894 τὸ
3170 841 3411 912 ἐμαυτοῦ
3446 844 3693 912 ποιῆσαι.
3722 844 3997 906 τουτέστι,

2415 931 2842 1003 συμϐουλεῦσαι,
2894 933 3206 1003 ἀπειλῆσαι,
3268 935 3563 988 ὑπόλοιπόν
3618 937 3731 988 ἐστι
3788 934 4000 989 τδ.καὶ

2415 1027 2562 1097 ὑμᾶς
2619 1028 2688 1081 τὰ
2743 1025 2836 1093 ἀφ’
2870 1024 3024 1094 ὑμῶν
3070 1026 3501 1093 συνεισενέγκαι.
3528 1024 3600 1077 Τὸ
3622 1026 3678 1078 δέ
3704 1028 3842 1091 ἐστι,
3875 1024 3998 1093 χαί-

2417 1130 2560 1189 ρετεο
2595 1116 2904 1188 χαρήσεσθε
2932 1116 2988 1169 δὲ
3011 1116 3410 1188 διορθούμενοι,
3448 1115 3544 1169 νῦν
3566 1134 3646 1178 τε,
3680 1117 3775 1169 καὶ
3805 1119 3863 1168 ὲν
3918 1115 4001 1181 τῷ

2419 1206 2687 1277 μέλλοντι.
2719 1225 2737 1258 t
2767 1207 3023 1277 Χαίρετε.
3054 1226 3076 1257 ν
3113 1206 3395 1270 Μαθὸντες
3422 1207 3502 1258 ὅτι
3536 1208 3678 1277 ἆπερ
3700 1206 3999 1275 ἠπείλησα,

2413 1298 2512 1367 οὐχ
2542 1298 2630 1352 ἵνα
2657 1298 2871 1367 ποιήσω
2899 1297 3195 1366 ἠπείλησα,
3241 1297 3364 1349 οὐδὲ
3422 1297 3563 1349 θέλω
3617 1297 3798 1360 τοῦτο,
3863 1295 4001 1347 ἀ).λὰ

2415 1390 2510 1442 καὶ
2532 1390 2845 1460 ἀπεύχομαι
2878 1388 3153 1457 γενέσθαι.
3194 1389 3499 1459 Ἢπείλησα
3548 1389 3601 1441 δὲ
3634 1390 3719 1441 ἵνα
3770 1386 4001 1455 διορθω-

2416 1480 2825 1550 θὲντες,,μηδὲν
2847 1480 3065 1548 ἀνιαρὸν
3105 1479 3339 1550 πάθητε.
3387 1480 3477 1532 Διὸ
3505 1480 3745 1550 χαίρετε,
3782 1498 3800 1530 ι
3842 1480 4001 1533 Κατ-

2417 1570 2727 1641 αρτέζεσθε,
2759 1588 2777 1619 ι
2812 1569 2975 1621 οἱονεὶ
3004 1568 3202 1622 τέλειοι
3252 1569 3493 1637 γίνεσθε,
3531 1568 3915 1638 ἁναπληροῦτε
3932 1570 4004 1621 τὰ

2416 1659 2693 1716 λείποντα.
2728 1659 2785 1709 ἐν
2808 1658 2976 1726 ἀρετῇ
3007 1654 3339 1721 τελειοῦσθε,
3387 1660 3477 1710 καὶ
3505 1657 3675 1710 τᾶλλα
3704 1657 3999 1727 πράττετε.

2417 1750 2606 1803 Ταῦτα
2628 1750 2737 1820 γὰρ
2764 1750 2919 1818 ὑμῶν
2936 1749 3371 1820 κατορθούντων,
3393 1749 3453 1801 ού
3480 1749 3641 1817 μόνον
3658 1749 3811 1801 οὐδὲν
3826 1748 3881 1799 δε
3893 1748 4007 1798 ινδν

728 1846 1090 1898 verutnetiam
1155 1842 1297 1897 Deus
1350 1843 1643 1898 charitatis
1705 1859 1769 1898 ac
1845 1846 1995 1914 pacis
2059 1849 2165 1901 erit
2219 1864 2313 1901 vo-

2421 1812 2864 1899 πείσεσθέίάὶάιὰ
2894 1839 2986 1891 καὶ
3012 1839 3039 1890 ὁ
3062 1812 3194 1900 θεὸς
3225 1840 3325 1906 τῆς
3353 1812 3576 1908 ἀγάπης
3601 1838 3697 1889 καὶ
3724 1836 3824 1905 τῆς
3851 1838 4008 1906 εῖρῆτ

732 1935 966 1987 hiscum.
1038 1951 1057 1984 ι
1118 1932 1564 1987 Cousolationem
1647 1934 1902 2004 accipite.
1953 1955 1971 1987 ι
2043 1934 2314 2000 Quoniam

732 2025 912 2078 multa
947 2036 1104 2081 erant
1136 2025 1483 2091 aﬂlietioues,
1524 2026 1599 2079 ait
1636 2044 1649 2081 :
1692 2027 2133 2081 Consolationem
2172 2027 2317 2080 acci-

731 2116 841 2183 pite
881 2122 937 2169 et
980 2130 1008 2169 a
1050 2116 1207 2170 vobis
1257 2117 1391 2185 ipsis
1425 2124 1479 2169 et
1522 2118 1590 2171 ab
1640 2116 1763 2171 aliis
1813 2131 1827 2167 :
1881 2127 2144 2185 praterea
2189 2126 2243 2171 et
2285 2133 2315 2173 a

729 2201 1066 2255 conscientia
1100 2202 1166 2255 ad
1208 2204 1492 2257 meliorem
1537 2205 1898 2259 mutationem
1942 2206 2187 2260 animum
2221 2222 2319 2261 su-

731 2294 880 2347 mite.
931 2313 951 2345 ι
995 2292 1189 2350 Pacem
1241 2296 1458 2351 habeto.
1508 2316 1527 2349 ι
1584 2299 1701 2353 Hoc
1745 2300 1801 2353 in
1856 2301 2057 2367 prioris
2097 2316 2318 2370 quoque

729 2386 975 2452 epistola:
1008 2388 1242 2442 exordio
1288 2390 1480 2458 petivit
1526 2406 1540 2443 τ
1584 2389 1933 2445 dissidebant
1977 2392 2122 2446 enim
2175 2394 2318 2447 inter

731 2488 811 2527 ac.
847 2473 987 2540 Quid
1030 2492 1163 2547 ergo
1205 2479 1399 2547 cupit?
1442 2489 1501 2533 ut
1542 2480 1684 2535 idem
1737 2482 2011 2537 sentirent
2038 2494 2091 2537 et
2127 2498 2314 2553 paceni

733 2564 998 2619 haberent
1028 2584 1041 2618 :
1066 2569 1192 2638 quia
1227 2570 1495 2639 contingit
1522 2570 1664 2624 idem
1698 2574 1907 2627 sentire
1942 2574 1995 2627 in
2022 2573 2317 2643 dogmatis,

731 2672 841 2710 non
873 2668 1051 2713 tamen
1083 2676 1270 2729 pacem
1302 2672 1493 2716 mutuo
1519 2664 1741 2719 habere.
1765 2684 1782 2715 ι
1807 2665 1870 2719 Et
1902 2664 2045 2720 Deus
2073 2667 2317 2718 charita-

733 2750 824 2802 tis.
859 2769 877 2801 ι
918 2750 1059 2805 Deus
1085 2754 1397 2823 appellatur
1435 2755 1577 2811 Deus
1604 2756 1888 2811 charitatis
1921 2756 2037 2811 sive
2069 2757 2321 2811 dilectio-

735 2844 845 2904 nis,
891 2858 957 2896 eo
1005 2846 1150 2910 quod
1200 2860 1303 2899 nos
1351 2846 1607 2899 dilexerit
1644 2864 1657 2899 :
1699 2848 1851 2916 pacis
1896 2864 2027 2903 vero
2070 2863 2138 2904 eo
2170 2851 2318 2919 quod

738 2948 871 3000 pace
907 2936 1153 3002 junxerit
1185 2938 1427 2991 cmlestia
1473 2941 1729 2993 terrenis.
1776 2938 1853 2994 Ex
1886 2941 2183 2995 dilectione
2224 2956 2321 2995 au-

737 3034 847 3079 tem
888 3037 973 3080 est
1004 3043 1129 3098 pax.
1163 3028 1218 3083 Si
1268 3031 1405 3095 haec,
1454 3031 1653 3101 inquit,
1705 3032 1967 3098 feceritis,
1998 3035 2104 3088 erit
2135 3036 2319 3089 vobis-

2418 1948 2537 1997 v'q;,
2598 1930 2750 1984 ἔσται
2808 1930 3129 2000 μεθ’ὑμῶν.
3167 1948 3185 1981 t
3223 1930 3662 1999 Παρακαλείσθε.
3708 1948 3726 1979 ι
3780 1928 4005 1995 Ἐπειδὴ

2421 2022 2606 2074 πολλοὶ
2625 2017 2767 2093 ἦσαν
2798 2024 2847 2075 oi
2878 2022 3203 2091 πειρασμοὶ,
3244 2022 3400 2090 φησὶ,
3438 2020 3881 2091 Παρακαλεῖσθε,
3911 2021 4010 2071 καὶ

2420 2115 2509 2182 ὑφ’
2543 2114 2776 2179 ἑαυτῶν,
2807 2115 2900 2168 καὶ
2930 2114 3034 2167 ὑπὸ
3062 2115 3260 2170 ἄλλων.
3292 2115 3415 2168 Ἐτι
3452 2130 3512 2166 τε
3561 2113 3665 2165 ὑπὸ
3689 2112 3793 2181 τῆς
3824 2129 4010 2165 συνει-

2418 2206 2648 2276 δήσεως,
2692 2207 2772 2269 είς
2808 2206 3004 2275 βελτίω
3032 2206 3339 2279 μεταϐολὴν
3383 2204 3824 2277 παραμυθεῖσθε.
3856 2223 3875 2255 ι
3919 2204 4012 2256 ΕΞ-

2421 2298 2698 2367 ρηνεύετε.
2731 2316 2749 2348 ι
2786 2299 2955 2351 Τοῦτο
2988 2301 3081 2353 καὶ
3128 2301 3188 2352 ὲν
3240 2303 3305 2371 τῇ
3369 2300 3563 2373 πρώτῃ
3628 2298 3886 2367 ἐπιστολῇ
3949 2298 4013 2349 ἑν

2422 2390 2729 2459 προοιμίοις
2760 2390 2952 2461 ᾔτησε.
2989 2392 3383 2456 Διεστασίαζον
3418 2392 3529 2461 γὰρ
3557 2392 3695 2463 πρὸς
3747 2389 4009 2451 ἑαυτούς.

2420 2481 2485 2533 Τί
2514 2481 2569 2533 δὲ
2623 2481 2908 2551 βούλεταις
2946 2483 3006 2537 τό
3046 2501 3104 2537 τε
3156 2484 3217 2537 τὸ
3244 2483 3377 2537 αὐτὸ
3424 2488 3666 2554 φρονεῖν,
3716 2482 3814 2534 καὶ
3856 2482 4014 2551 εἰρη-

2422 2571 2620 2635 νεύειν,
2650 2574 2732 2625 ὅτι
2765 2574 2844 2625 ἔνι
2874 2574 2936 2626 τὸ
2965 2574 3097 2627 αὐτὸ
3149 2574 3248 2643 μὲν
3275 2577 3494 2643 φρονεῖν
3529 2575 3585 2626 ἐν
3613 2577 3723 2636 τοῖς
3745 2574 4012 2640 δόγμασι,

2425 2662 2501 2733 μὴ
2534 2664 2839 2733 εἰρηνεύειν
2868 2664 2924 2717 δὲ
2983 2665 3120 2735 πρὸς
3149 2665 3397 2728 ἑαυτούς.
3436 2684 3455 2717 ι
3503 2666 3613 2718 Καὶ
3645 2667 3673 2719 ὁ
3715 2664 3852 2727 Θεὸς
3910 2662 4015 2731 τῆς

2422 2755 2664 2825 ἀγάπης.
2702 2773 2719 2805 ι
2760 2754 2893 2818 Θεὸς
2926 2756 3146 2825 ἀγάπης
3189 2758 3216 2809 ὀ
3244 2753 3379 2819 Θεὸς
3427 2756 3785 2827 χρηματίζει,
3830 2755 3919 2807 διὰ
3951 2757 4017 2807 τὸ

2422 2848 2773 2916 ἠγαπηκέναι
2798 2850 2945 2917 ἡμᾶς
2974 2865 2987 2879 ”
3021 2850 3246 2919 εἰρήνης
3279 2850 3359 2913 δὲ,
3397 2850 3484 2903 διὰ
3516 2850 3577 2902 τὸ
3600 2848 3923 2921 εἰρηνεῦσαι
3946 2852 4017 2903 τὰ

2422 2939 2480 2989 ὲν
2513 2938 2731 3007 οὐρανῷ
2757 2942 2869 3002 τοῖς
2897 2940 2955 2991 ἂν
2982 2941 3076 3010 γῇ.
3098 2940 3194 2992 Ἐκ
3216 2939 3275 2992 δὲ
3322 2940 3419 3010 τῆς
3455 2942 3697 3009 ἀγάπης,
3731 2942 3763 3010 ἡ
3794 2942 4016 3011 εἰρήνη.

2435 3030 2582 3094 Ἐὰν,
2625 3032 2781 3100 φησι,
2809 3031 2985 3083 ταῦτα
3020 3032 3233 3103 ποιῆτε,
3274 3031 3431 3085 ἔσται
3463 3032 3586 3101 μεθ’
3617 3032 3774 3100 ὑμῶν
3803 3035 3831 3085 ὁ
3855 3034 4015 3096 Θεὸς,

736 3131 861 3169 cum
895 3117 1057 3174 Deus.
1097 3121 1205 3175 Aut
1239 3133 1362 3177 orat
1393 3132 1451 3177 ut
1487 3124 1562 3177 ita
1601 3125 1712 3179 liat.
1765 3144 1784 3177 ι
1818 3124 2019 3179 Sancto
2044 3127 2256 3182 osculo.
2295 3147 2312 3179 ι

2423 3119 2800 3190 ἢὲπεύχεται.
2844 3140 2862 3173 ι
2912 3120 3000 3175 Ἐν
3036 3124 3178 3191 ἁγίῳ
3218 3123 3506 3193 φιλήματι.
3539 3142 3558 3176 ι
3608 3124 3702 3195 Μὴ
3766 3124 4015 3191 ὑπούλῳ,

735 3206 857 3261 Non
890 3210 1104 3277 doloso,
1137 3214 1337 3283 inquit,
1362 3224 1415 3269 et
1449 3214 1819 3280 fraudulento,
1853 3218 2317 3287 quemadmodum

736 3297 926 3354 ludas.
974 3303 1275 3373 Propterea
1316 3318 1492 3360 autem
1528 3308 1935 3372 tlcosculamur,
1980 3317 2038 3361 ut
2080 3311 2318 3364 suscite~

740 3406 864 3446 ntus
889 3408 1016 3463 erga
1055 3410 1156 3449 nos
1180 3397 1329 3463 ipsos
1360 3413 1629 3453 amorem.
1673 3418 1691 3451 ι
1724 3397 1979 3453 Salutant
2013 3416 2108 3455 vos
2143 3402 2318 3456 sancti

740 3495 957 3538 omnes.
1013 3503 1031 3535 ι
1090 3484 1400 3541 Prtcsentes
1458 3489 1679 3558 quidem
1741 3492 1932 3545 osculo
1988 3492 2317 3562 coniungit,

742 3573 1000 3629 absentes
1035 3592 1165 3632 vero
1196 3578 1531 3634 salutatione
1573 3589 1627 3635 et
1673 3582 1935 3652 alloquio.
1965 3582 2098 3637 Nam
2131 3584 2199 3638 ab
2228 3601 2321 3639 eo-

741 3665 864 3718 dem
902 3668 1120 3723 interim
1153 3686 1248 3723 ore
1281 3673 1582 3740 procedunt
1624 3676 1882 3728 salutatio
1910 3686 1963 3729 et
1994 3677 2318 3746 alloquium.

750 3774 769 3807 ι
808 3757 994 3812 Gratia
1046 3760 1257 3815 Domini
1304 3762 1432 3817 Jesu
1474 3762 1701 3819 Christi.
1745 3784 1764 3817 ι
1802 3764 2098 3835 Postquam
2129 3783 2322 3823 onmes

743 3848 1051 3915 conjunxit,
1083 3867 1244 3918 quem
1289 3868 1448 3905 suum
1492 3869 1697 3908 morem
1735 3855 1895 3909 etiam
1940 3872 2083 3911 nunc
2118 3870 2320 3923 servat,

744 3948 1005 4006 precatur
1041 3941 1122 3995 eis
1154 3944 1329 4010 gratia
1361 3944 1481 4007 lilii,
1508 3960 1613 4013 qua
1641 3947 1823 4001 salvos
1856 3963 1959 4002 nos
1996 3948 2124 4003 l'ecit
2150 3951 2321 4019 gratia

744 4032 966 4085 occisus
1013 4049 1110 4102 pro
1146 4035 1327 4098 nobis,
1369 4044 1423 4090 et
1454 4052 1564 4091 non
1608 4048 1834 4108 prapter
1869 4055 2036 4109 opera
2081 4051 2269 4097 nostra
2305 4061 2318 4096 :

746 4131 799 4174 et
841 4123 1162 4177 chatitatem
1202 4124 1319 4191 Dei,
1348 4144 1455 4197 qua
1491 4144 1591 4182 nos
1623 4131 1835 4195 dilexit,
1860 4131 1987 4186 dato
2030 4148 2130 4201 pro
2165 4135 2324 4191 nobis

746 4213 908 4282 712
936 4213 1263 4285 lluigenito:
1290 4220 1839 4273 communicationem
1868 4221 2105 4289 Spiritus
2126 4225 2322 4288 sancti,

748 4304 853 4356 hnc
878 4314 981 4368 est,
1018 4308 1489 4376 participationem
1525 4306 1642 4376 ejus
1689 4316 1743 4363 et
1789 4312 2185 4381 acceptionem,
2230 4328 2327 4381 per

743 4410 913 4463 quam
946 4412 1138 4451 omnes
1178 4401 1588 4456 sant-tilicamur
1620 4402 1676 4455 in
1707 4403 2189 4471 superventionem
2218 4402 2324 4458 Pa-

750 4489 938 4540 racleti
975 4488 1067 4541 Dei
1098 4492 1358 4559 Spiritus.

750 4596 921 4662 linis,
964 4599 1139 4653 divino
1186 4601 1394 4670 [attente
1435 4604 1659 4666 auxilio,
1694 4604 1998 4672 posterioris
2044 4604 2114 4656 ad
2140 4604 2329 4659 Corin-

1324 4673 1455 4725 thios
1494 4672 1767 4740 Epistolw.

874 4780 1039 4837 Missa
1069 4791 1153 4838 est
1186 4799 1215 4838 a
1254 4783 1520 4855 Philippis
1551 4801 1649 4855 per
1680 4786 1861 4840 Titum
1896 4796 1948 4841 ct
1981 4786 2205 4840 Lucam.

2425 3209 2582 3276 φησι,
2610 3208 2706 3263 καὶ
2739 3208 2966 3280 δολερῷ,
2997 3210 3073 3273 ὡς
3094 3210 3123 3262 ὀ
3148 3211 3373 3275 Ἰούδας.
3406 3212 3506 3265 Διὰ
3526 3212 3686 3266 τοῦτο
3724 3212 3783 3266 δὲ
3820 3214 4016 3282 φιλοῦ-

2427 3316 2546 3368 μεν,
2577 3298 2664 3353 ἶνα
2690 3300 3148 3371 ἁναζωπυρῶμεν
3173 3302 3273 3371 τὴν
3321 3304 3454 3371 πρὸς
3487 3304 3715 3367 ἑαυτοὺς
3762 3305 4016 3373 ἀγάπην.

2428 3408 2448 3441 ι
2504 3392 2866 3455 Ἀσπάζονται
2914 3393 3060 3460 ὑμᾶς
3101 3394 3153 3446 οῑ
3198 3393 3344 3461 ἅγιοι
3393 3395 3616 3459 πάντες.
3658 3414 3677 3447 ι
3715 3395 3860 3457 Τοὺς
3917 3398 4017 3466 μὲν

2425 3482 2698 3553 παρόντας
2733 3482 2821 3535 διὰ
2856 3482 3165 3555 φιλήματος
3194 3486 3483 3550 συνάπτει,
3520 3488 3647 3548 τοὺς
3675 3486 3733 3539 δὲ
3765 3488 4017 3551 ἀπόντας

2423 3575 2510 3629 διὰ
2552 3576 2931 3646 προσρήσεως.
2982 3577 3113 3631 Ἀπὸ
3144 3579 3252 3648 γὰρ
3278 3579 3372 3632 τοῦ
3420 3580 3585 3633 αὐτοῦ
3632 3582 3850 3652 πρόεισι
3890 3585 4016 3636 στιῦ⁸

2429 3687 2620 3740 ματος,
2658 3671 2686 3723 ὅ
2712 3687 2770 3722 τε
2801 3670 3093 3740 ἀσπασμὸς
3126 3671 3220 3723 καὶ
3250 3672 3283 3739 ἡ
3317 3670 3644 3739 πρόσρησις.
3690 3688 3708 3719 ι
3756 3670 3823 3722 Ἦ
3851 3672 4015 3739 χάρις

2425 3762 2521 3815 τοῦ
2575 3761 2781 3831 Κυρίου
2812 3762 2972 3831 ἡμῶν
3019 3761 3193 3831 Ἰησοῦ
3248 3761 3509 3831 Χριστοῦ,
3549 3779 3567 3811 ι
3630 3761 3852 3831 Ἐπειδὴ
3889 3779 4016 3814 συνο

2424 3852 2561 3921 ἦψεν
2624 3854 2911 3916 ἅπαντας,
2972 3853 3109 3923 ὅπερ
3169 3852 3289 3915 ἔθος
3323 3852 3513 3921 αὐτῷ,
3564 3851 3661 3904 καὶ
3686 3852 3782 3905 νῦν
3836 3856 4008 3916 ποιεί,

2427 3943 2718 4013 ἐπεύχεται
2744 3945 2926 4007 αὐτοῖς
2951 3944 3049 4014 τὴν
3072 3944 3233 4013 χάριν
3268 3941 3362 3996 τού
3394 3943 3550 4005 Υίοῦ,
3586 3943 3654 3995 δι’
3697 3939 3765 4014 ἧς
3807 3944 4009 4007 ἔσωσε,

2426 4034 2608 4105 χάριτι
2644 4034 2737 4087 καὶ
2766 4036 2825 4086 ού
2856 4035 2922 4086 δι’
2947 4033 3085 4104 ἔργα
3122 4034 3279 4103 ἡμῶν
3335 4033 3568 4103 σφαγεὶς
3623 4034 3763 4102 ὑπὲρ
3817 4036 4004 4103 ἡμῶν,

2428 4128 2520 4177 καὶ
2550 4125 2648 4194 τὴν
2679 4125 2900 4193 ἀγάπην
2932 4123 3026 4176 τοῦ
3060 4124 3272 4194 Πατρδς
3295 4126 3361 4195 ἣν
3386 4126 3675 4193 ἠγάπησεν
3707 4127 3876 4197 ἡμᾶς,
3914 4128 4008 4180 τὸν

2430 4217 2695 4286 μονογενῆ
2729 4217 2851 4280 δοὺς
2897 4217 3037 4287 ὑπὲρ
3068 4216 3249 4287 ἡμῶν.
3288 4218 3397 4269 Καὶ
3428 4219 3525 4288 τὴν
3563 4222 3854 4272 κοινωνίαν
3907 4222 4006 4273 τοῖν

2429 4309 2583 4373 ἁγίου
2618 4301 3092 4375 Πνεύματος,οἷον
3141 4308 3241 4377 τὴν
3290 4308 3523 4379 μετοχὴν
3556 4309 3721 4362 αὐτοῦ
3762 4312 3857 4363 καὶ
3916 4330 4013 4381 με·

2427 4397 2677 4466 ιτσὶλιγηῖμιν,
2714 4396 2781 4447 δι’
2816 4390 2881 4466 ἦς
2928 4396 3128 4459 πάντες
3170 4396 3530 4466 ἁγιαζόμεοα,
3578 4400 3636 4451 ὲν
3687 4404 3753 4470 τῇ
3787 4405 4010 4470 ἐπιφοι-

2362 4482 2408 4538 D
2432 4489 2585 4556 τήσει
2620 4487 2713 4538 τοῦ
2746 4489 3099 4559 παρακλήτου
3136 4488 3273 4540 Θεοῦ
3300 4489 3392 4540 τοῦ
3429 4490 3770 4558 Πνεύματος.

2511 4601 2708 4665 Τέλος,
2746 4599 2867 4653 σὺν
2924 4599 3067 4671 Θεῷ,
3110 4601 3222 4666 τῆς
3277 4603 3427 4669 πρὸς
3456 4605 3813 4671 Κορινθίους
3859 4606 3921 4670 ,ε’

3032 4670 3419 4739 Ἐπιστολῆς.

2544 4788 2791 4857 Ἐ’ίράφη
2822 4788 2929 4839 ἀπὸ
2948 4788 3248 4854 Φιλίππων,
3277 4790 3361 4842 διὰ
3386 4792 3544 4843 Τίτου
3576 4792 3665 4842 καὶ
3698 4792 3904 4843 Anu-1i.
