4192 6458
197 412 339 478 1089

1347 562 1749 572 αη--σ--υ--ε

196 558 1340 590 Μ

1340 578 1485 586 -η-νσ-,ις

1214 410 1601 472 COMMENT.
1630 410 1708 469 IN
1735 412 1971 473 EPIST.
2020 414 2114 473 AD
2150 415 2412 473 GALAT.

1814 565 1989 572 ——.-7
2126 566 2127 569 η
2181 567 2185 571 ν
2240 564 2585 572 ¹ιησιο----ν,.-γ

3315 409 3454 474 1030

2588 561 3449 591 em

1456 724 2219 839 ΥΠΟΘΕΣΙΣ

858 951 1076 1038 ΤΗΣ
1157 950 1446 1055 ΠΡΟΣ
1534 946 2038 1038 ΓΑΛΑΤΑΣ
2112 948 2782 1036 ΕΠΙΣΤΟΛΗΣ.

1785 1163 1865 1185 _

1316 1312 2313 1428 ARGUMENTUM

1070 1542 1705 1636 EPISTOLIE
1780 1547 1928 1635 AD
2026 1544 2577 1636 GALATAS.

269 1898 489 1968 Ταύτην
510 1897 815 1951 ἐπιστέλλει
837 1896 943 1949 ἀπὸ
980 1894 1224 1967 Ῥώμης,
1250 1898 1517 1967 ἑωρακὼς
1576 1902 1774 1964 αὐτοὺς

1954 1902 2113 1971 713
2140 1899 2288 1955 Hanc
2323 1900 2539 1955 aburbe
2558 1901 2727 1955 Roma
2756 1902 2966 1967 scribit,
2990 1903 3457 1974 cumjamridisset

197 1993 305 2064 ήδη
340 1992 435 2045 καὶ
463 1990 700 2056 διδάξας.
736 1988 801 2042 Ἦ
852 1988 908 2042 δὲ
954 1990 1229 2059 πρόφασις
1257 1990 1355 2060 τῆς
1428 1992 1771 2063 Ἐπιστολῆς,

197 2081 340 2149 α’ύτη
364 2097 378 2111 ·
412 2080 764 2149 Διδαχθέντες
782 2079 963 2142 καλῶς
983 2080 1033 2131 οἱ
1056 2079 1292 2134 Γαλάται
1326 2082 1478 2152 παρὰ
1506 2081 1600 2134 τοῦ
1616 2082 1670 2136 ’Δ
1691 2100 1777 2135 πο-

202 2173 415 2239 στόλου,
446 2174 542 2225 καὶ
563 2170 954 2234 πιστεύσαντες
1003 2171 1243 2240 γνησίως
1272 2173 1353 2236 είς
1374 2172 1465 2226 τὸν
1520 2173 1775 2243 Χριστὸν,

198 2264 654 2333 ἀποδημήσαντος
723 2262 817 2316 τοῦ
892 2264 1255 2329 ’Δποστόλου,
1339 2264 1776 2334 ὑφηρπάσθησαν

200 2354 357 2423 παρά
406 2370 589 2417 τινων,
636 2352 776 2405 ὥστε
844 2352 1297 2423 περιτέμνεσθαι.
1360 2353 1548 2407 Ταῦτα
1596 2356 1775 2410 τοίνυν

204 2444 401 2515 μαθὼν
430 2444 817 2510 ὸἎπόστολος,
843 2444 1047 2515 γράφει
1082 2444 1215 2515 πρὸς
1243 2446 1463 2510 αὐτούς.
1489 2448 1601 2500 Kal
1621 2448 1776 2519 πρῶο

199 2553 293 2589 τον
355 2537 478 2605 μὲν,
526 2538 797 2607 μαρτυρεῖ
842 2536 1027 2599 αὐτοῖς
1065 2538 1194 2607 περὶ
1232 2531 1301 2609 ἦς
1337 2533 1483 2609 εἶχον
1515 2539 1772 2604 πίστεως,

200 2629 296 2679 καὶ
325 2626 557 2697 γνησίας
580 2629 639 2681 ὲν
668 2627 892 2697 Χριστῷ
928 2626 1243 2690 διαθέσεως.
1280 2629 1576 2698 Μέμφεται
1612 2630 1668 2681 δὲ
1701 2630 1777 2694 ὠς

201 2720 450 2788 ἀνοήτως
495 2718 809 2787 πράξαντας
854 2719 949 2772 καὶ
1001 2718 1503 2789 μεταϐαλλομένους
1554 2719 1775 2782 αὐτούς.

206 2810 440 2861 Ἔπειτα
500 2809 862 2879 διαλαμϐάνει
893 2810 1022 2881 περὶ
1044 2808 1139 2862 τοῦ
1164 2809 1354 2877 νόμου,
1386 2814 1480 2861 καὶ
1510 2812 1608 2878 τῆς
1638 2812 1779 2862 κατὰ

201 2900 294 2953 τὺν
335 2899 586 2969 Ἀϐραὰμ
616 2899 871 2962 πίστεως.
924 2901 1034 2953 Kal.
1063 2899 1444 2952 ἀποδείκνυσιν
1491 2899 1554 2952 εκ
1582 2916 1639 2951 τε
1685 2900 1777 2951 τοῦ

202 2992 394 3059 νόμου,
423 2988 655 3043 καὶτῶν
696 2989 973 3059 γυναικῶν
1017 2989 1109 3042 τοῦ
1154 2988 1427 3058 Ἀϐραὰμ,
1475 2988 1779 3057 άλληγορή·

206 3098 306 3144 σας
344 3083 537 3146 αὐτὰς,
566 3083 727 3151 μέχρι
753 3081 948 3151 καιροῦ
984 3080 1225 3134 δίδοσθαι
1250 3080 1349 3149 τὴν
1380 3081 1540 3133 σκιὰν
1564 3082 1656 3132 καὶ
1681 3081 1779 3149 τὴν

204 3172 529 3241 περιτομὴν,
564 3173 659 3225 καὶ
685 3173 875 3243 ἀργεῖν
902 3172 1041 3225 αὐτὰ
1075 3171 1263 3223 λοιπὸν
1288 3173 1354 3240 τῇ
1393 3172 1489 3223 τοῦ
1542 3170 1778 3240 Χριστοῦ

1881 2007 1977 2048 eos
2011 2008 2074 2047 ac
2106 1992 2406 2049 docuisset.
2452 1990 2686 2048 Occasio
2722 2009 2851 2050 vero
2890 1994 3129 2064 epistolae
3164 1998 3276 2051 haec
3313 1999 3456 2060 luit;

1878 2081 2087 2136 Galatae
2120 2091 2271 2138 recte
2321 2083 2391 2137 ab
2438 2083 2704 2152 Apostolo
2745 2085 2945 2149 edocti,
2979 2100 3101 2140 cum
3136 2086 3376 2156 legitime
3406 2090 3460 2144 in

1878 2169 2160 2227 Christum
2203 2172 2594 2239 credidissent,
2637 2175 2729 2229 ubi
2772 2175 3114 2231 discessisset
3140 2176 3462 2247 Apostolus,

1880 2263 2115 2332 surrepti
2150 2270 2277 2319 sunt
2307 2280 2336 2319 a
2364 2266 2690 2335 quibusdam
2724 2276 2777 2322 et
2810 2269 3041 2334 seducti,
3074 2277 3135 2323 ut
3166 2271 3462 2325 circumci-

1878 2353 2119 2411 dcretur.
2143 2355 2237 2411 His
2257 2356 2423 2427 igitur
2453 2359 2709 2428 cognitis,
2730 2361 2923 2415 scribit
2941 2361 3006 2415 ad
3028 2377 3123 2415 eos
3139 2362 3460 2430 Apostolus.

1879 2444 1947 2499 Et
1996 2448 2233 2517 primum
2279 2449 2498 2518 quidem
2550 2458 2838 2505 attestatur
2893 2452 3030 2522 ipsis
3081 2452 3240 2509 fidem
3293 2468 3460 2523 quam

1880 2538 2175 2606 habebant,
2221 2547 2275 2594 et
2319 2540 2619 2611 legitimum
2662 2541 2715 2595 iu
2756 2541 2921 2596 Deum
2959 2542 3210 2598 affectum
3260 2560 3275 2600 :
3317 2544 3463 2597 incli-

1881 2642 2082 2701 gnatur
2113 2641 2292 2687 autem
2328 2632 2472 2701 quod
2512 2633 2831 2701 insipienter
2856 2635 3067 2703 egerint
3098 2643 3151 2689 et
3186 2641 3459 2689 transmu-

1882 2724 1978 2777 tati
2021 2724 2150 2778 sint.
2195 2722 2397 2777 Deinde
2437 2722 2504 2775 de
2543 2723 2661 2791 lege
2707 2723 2928 2777 disserit
2973 2738 3035 2778 ac
3079 2724 3183 2778 ﬁde
3217 2739 3339 2792 quae
3380 2738 3460 2778 se-

1880 2813 2120 2868 cundum
2162 2812 2439 2865 Abraham
2480 2820 2585 2867 est.
2629 2811 2895 2868 Praeterea
2938 2829 3003 2869 ex
3045 2814 3161 2883 lege
3198 2814 3462 2877 ostendit,

1880 2911 1934 2956 et
1965 2917 2031 2958 ex
2066 2902 2328 2956 uxoribus
2373 2902 2644 2956 Abraham
2691 2904 2981 2972 allegorice
3031 2905 3346 2967 intellectis,
3395 2905 3464 2960 ad

1883 3002 2099 3064 tempus
2132 2992 2312 3047 datam
2360 2993 2533 3059 fuisse
2574 2993 2823 3048 umbram
2857 3010 2922 3049 ac
2954 2996 3463 3060 circumcisionem,

1883 3100 2055 3155 eaque
2097 3086 2355 3155 deinceps
2408 3101 2507 3155 per
2554 3087 2846 3141 adventum
2895 3086 3100 3143 Christi
3148 3089 3292 3142 facta
3340 3104 3465 3143 esse

1886 3173 2083 3228 otiosa.
2121 3172 2185 3225 Et
2215 3173 2302 3228 his
2333 3174 2404 3226 ita
2436 3173 2853 3237 demonstratis,
2888 3183 3294 3244 consequenter
3325 3190 3470 3244 prat-

205 3235 639 3334 παρουσίαλίαὶ
670 3235 842 3326 οῦτως
874 3261 1187 3327 ἀποδείξας,
1240 3235 1615 3332 παραγγέλλει
1673 3262 1779 3314 λοι-

1890 3265 2021 3335 cipit
2068 3266 2224 3334 ipsis,
2276 3280 2347 3320 ne
2399 3266 2634 3334 amplius
2679 3235 2992 3320 adhaereant
3046 3235 3466 3334 impostoribus,

204 3356 308 3409 πὸν
328 3355 515 3417 αὐτοῖς
542 3356 737 3425 μηκέτι
759 3354 1047 3423 προσέχειν
1077 3357 1191 3415 τοῖς
1217 3354 1586 3423 ἀπατήσασιν,
1643 3353 1780 3406 ἀλλὰ

208 3447 416 3517 μᾶλλον
461 3444 681 3514 ἔχεσθαι
710 3444 811 3513 τῆς
834 3447 892 3497 ὲν
945 3443 1169 3515 Χριστῷ
1207 3444 1465 3508 πίστεως,
1500 3446 1595 3497 καλ⁵
1618 3445 1782 3512 γινώ-

204 3555 359 3592 σκειν
409 3538 491 3590 ὅτι
550 3538 583 3607 ἡ
628 3537 686 3590 ὲν
719 3535 941 3608 Χριστῷ
973 3535 1155 3606 χάρις,
1206 3537 1473 3607 καταργεῖ
1495 3536 1592 3606 τὴν
1638 3535 1781 3590 κατὰ

203 3630 387 3698 σάρκα
431 3629 755 3698 περιτομήν.
790 3627 901 3681 Καὶ
917 3625 1090 3690 οὕτως
1115 3626 1279 3681 πάλιν
1304 3629 1383 3689 είς
1412 3628 1482 3681 τὰ
1502 3627 1611 3699 ἢθη
1638 3644 1784 3697 παρ-

205 3718 429 3782 αινέσας
462 3719 557 3770 καὶ
577 3716 794 3781 διδάξας
835 3714 1030 3768 τελειοῐ
1052 3717 1153 3786 τὴν
1178 3716 1493 3787 επιστολὴν.

755 3852 1233 3907 ΘΕΟΔΩΡΗΤΟΥ.

276 3969 353 4022 Τὸ
392 3970 491 4038 μὲν
518 3966 828 4037 προοίμιον,
859 3966 956 4020 καὶ
998 3966 1149 4018 πᾶσα
1184 3964 1373 4035 σχεδὸν
1411 3966 1445 4035 ἡ
1501 3963 1785 4035 ἐπιστολὴ,

206 4059 387 4130 θυμοῦ
416 4059 603 4128 γέμει.
653 4058 724 4113 Ἢ
745 4057 803 4111 δὲ
826 4055 977 4111 αίτία
1001 4055 1165 4125 αῦτη.
1198 4056 1355 4119 Τινὲς
1406 4055 1515 4109 τῶν
1563 4056 1623 4120 ea
1658 4057 1791 4109 ’lou-

206 4151 375 4204 δαίων
403 4148 817 4211 πιστεύσαντες,
843 4148 938 4201 καὶ
971 4147 1050 4200 ῑτι
1080 4146 1159 4216 τῷ
1192 4144 1435 4216 πατρῴῳ
1466 4145 1620 4216 νόμῳ
1647 4163 1785 4200 κατ-

207 4243 483 4312 εχόμενοι,
520 4238 748 4294 ἔπεισαν
781 4239 1013 4301 πολλοὺς
1044 4237 1157 4292 τῶν
1220 4238 1279 4289 ὲν
1309 4236 1552 4306 Γαλατίᾳ
1579 4235 1785 4289 πιστῶν

210 4333 662 4405 περιτέμνεσθαι,
684 4332 778 4387 καὶ
804 4330 1053 4385 σάϐϐατα
1082 4332 1294 4402 τηρεῖν,
1330 4329 1427 4384 καὶ
1469 4328 1785 4399 νουμηνίας.

215 4423 475 4478 Ἐπειθον
504 4423 583 4487 δὲ,
613 4422 867 4490 λέγοντες
901 4421 977 4492 μὴ
1011 4421 1122 4474 δεῖν
1151 4420 1229 4488 τῷ
1256 4419 1456 4489 Παύλῳ
1478 4418 1786 4481 πείθεσθαι,

208 4516 291 4586 τῷ
308 4515 437 4586 χθὲς
462 4514 557 4568 καὶ
586 4514 831 4584 σήμερον
855 4512 1100 4581 φανέντι,
1125 4509 1262 4563 ἀλλὰ
1290 4510 1492 4580 μᾶλλον
1518 4511 1630 4571 τοῖς
1647 4508 1792 4577 ἀμφὶ

212 4612 421 4680 Πέτρον
472 4608 569 4663 καὶ
647 4606 906 4660 Ἰάκωϐον
966 4604 1063 4659 καὶ
1115 4603 1392 4674 Ἰωάννην.
1445 4598 1604 4658 Οὗτοι
1660 4601 1788 4672 γὰρ,

212 4700 370 4771 φησὶ,
406 4699 551 4769 μετὰ
589 4695 828 4769 Χριστοῦ
864 4695 1150 4765 γενόμενοι
1199 4695 1261 4747 ού
1315 4693 1585 4747 κωλύουσι
1638 4710 1791 4763 περι-

212 4793 410 4863 τομήν.
443 4788 554 4843 Καὶ
591 4786 809 4857 άληθῶς
852 4785 953 4857 μὲν
1000 4782 1149 4839 οῦτοι
1200 4784 1602 4853 συγκαταϐάσει
1660 4784 1794 4853 πρὸς

232 4882 522 4944 Ἰουδαίους
551 4879 852 4951 χρώμενοι,
887 4877 989 4929 οὐκ
1027 4876 1265 4933 ἐκώλυον
1289 4873 1612 4946 περιτομὴν,
1645 4875 1795 4943 ὅμως

216 4970 366 5030 οὗτοι
392 4970 836 5042 ἀποκρύπτοντες
868 4969 969 5040 τὴν
999 4966 1180 5022 αἰτίαν
1201 4968 1283 5021 ὄτι
1325 4966 1412 5019 διὰ
1446 4964 1796 5033 συγκατάϐα-

218 5087 304 5123 σιν
331 5069 393 5121 οὐ
416 5064 741 5131 κωλύουσιν,
773 5064 837 5116 ἑκ
852 5060 949 5115 τοῦ
974 5058 1262 5129 γινομένου
1297 5058 1481 5127 μόνου,
1513 5057 1793 5120 ὲδελέαζον

216 5161 417 5223 αὐτοὺς
452 5159 532 5220 εις
562 5153 890 5225 περιτομὴν,
932 5153 1146 5206 καὶτὸν
1181 5150 1396 5204 Παῦλον
1430 5148 1792 5219 ἐξηυτέλιζον,

218 5252 523 5323 φάσκοντες
545 5248 608 5301 ού
639 5244 735 5300 τοῦ
759 5242 1020 5313 Χριστοῦ,
1048 5241 1185 5295 ἀλλὰ
1212 5241 1321 5295 τῶν
1359 5240 1618 5312 μαθητῶν
1652 5234 1793 5292 εἶναι

222 5340 496 5413 μαθητὴν,
526 5337 650 5401 τοὺς
675 5336 732 5389 δὲ
767 5335 894 5405 περὶ
923 5334 1155 5403 Πέτρον,
1203 5331 1372 5385 αὐτοῦ
1407 5330 1500 5385 τοῦ
1521 5329 1789 5402 Χριστοῦ.

223 5436 458 5488 Ἔπειτα
486 5429 694 5499 ελεγον,
723 5429 807 5482 ὃτι
842 5426 1005 5490 αὐτὸς
1032 5426 1062 5478 δ
1095 5424 1306 5488 Παῦλος
1336 5426 1587 5494 φαίνεται
1632 5423 1794 5479 ἀλλα-

222 5524 319 5598 χοῦ
352 5520 685 5594 περιτεμὼν.
710 5518 774 5572 Τί
804 5518 1005 5589 δήποτε
1066 5510 1179 5581 οὖν,
1213 5515 1398 5584 φασὶν,
1433 5515 1575 5584 ὑμᾶς
1606 5516 1667 5566 ού
1698 5531 1795 5567 πε-

228 5615 502 5688 ριτέμνεις
531 5608 597 5683 ἦν
631 5611 741 5680 γὰρ
766 5608 844 5679 τῷ
875 5606 1070 5679 άληθεῖ
1099 5606 1129 5658 ὁ
1179 5604 1389 5669 Παῦλος
1409 5605 1501 5658 τὺν
1532 5602 1797 5674 Τιμόθεον

223 5702 580 5775 οἷκονομικῶς
628 5697 963 5771 περιτεμὼν.
1021 5697 1167 5768 Πρὸς
1217 5694 1391 5749 ταῦτα
1420 5695 1512 5749 οῦν
1570 5696 1793 5765 γράφει,

228 5797 321 5849 καὶ
351 5793 554 5857 εὐθέως
573 5794 637 5847 ὲκ
659 5789 963 5863 προοιμίων
1012 5787 1150 5858 πρὸς
1202 5788 1379 5842 ὲκανο
1424 5786 1792 5849 ἀποτείνεται,

1818 4566 1861 4625 C

1885 3357 1979 3412 sed
2030 3356 2216 3426 potius
2263 3355 2469 3411 ChriSIi
2516 3356 2639 3412 fidei
2687 3356 2928 3411 haereant
2973 3372 2988 3409 :
3034 3365 3089 3411 et
3130 3362 3469 3425 cognoscant

1884 3452 2028 3520 quod
2078 3466 2176 3521 per
2207 3449 2488 3505 Christum
2528 3452 2704 3521 gratia
2751 3452 3054 3506 aboleverit
3092 3450 3470 3506 circumcisio-

1882 3555 2008 3596 nem
2043 3541 2343 3595 secundum
2371 3556 2589 3596 carnem
2622 3557 2638 3599 :
2667 3551 2721 3597 et
2753 3542 2827 3596 ita
2856 3558 3075 3597 rursum
3106 3543 3252 3596 circa
3284 3557 3468 3597 mores

1886 3630 2237 3687 admonendo
2265 3644 2330 3684 ac
2356 3630 2608 3686 docendo
2636 3630 2916 3687 concludit
2949 3630 3269 3700 Epistolam.

2453 3854 2920 3910 THEODORETI.

1962 3965 2125 4038 ’1ιά,
2162 3964 2495 4020 Prooemium
2535 3980 2599 4020 ac
2637 3974 2751 4021 tota
2798 3966 2969 4021 ferme
3016 3965 3259 4035 Epistola
3310 3966 3472 4036 plena

1891 4065 1977 4114 est
2020 4056 2496 4113 excandescentia.
2536 4055 2715 4111 Causa
2756 4066 2938 4111 autem
2982 4058 3097 4111 haec
3139 4057 3241 4111 fuit
3279 4074 3294 4109 :
3331 4058 3471 4122 Qui-

1891 4148 2016 4203 dam
2060 4149 2151 4217 qui
2203 4162 2233 4201 e
2279 4145 2483 4201 Judaeis
2528 4148 2872 4201 crediderant
2902 4155 2973 4201 et
3016 4147 3197 4200 adhuc
3237 4156 3476 4215 paterna:

1889 4237 1995 4308 legi
2030 4237 2407 4299 adhaerebant,
2447 4238 2637 4291 multis
2671 4235 2921 4290 fidelibus
2948 4237 3042 4306 qui
3076 4237 3218 4291 inter
3251 4236 3475 4292 Galatas

1890 4318 2069 4392 erant,
2105 4336 2499 4397 persuaserunt
2523 4336 2582 4381 ut
2604 4326 3134 4381 circumciderentur
3155 4336 3209 4381 et
3234 4328 3476 4381 Sabbata

1895 4435 1957 4475 ac
1992 4417 2317 4473 Neomeuias
2358 4424 2663 4471 servarent.
2705 4414 3122 4471 Persuadebant
3158 4428 3363 4478 autem,
3391 4418 3478 4469 di-

1897 4518 2085 4566 centes
2117 4522 2220 4562 non
2252 4522 2374 4562 esse
2407 4507 2579 4560 Paulo
2608 4508 3116 4575 obtemperandum,
3146 4508 3238 4576 qui
3272 4522 3476 4576 paucos

1898 4605 2024 4651 ante
2054 4596 2171 4650 dies
2201 4597 2569 4665 apparuisset,
2605 4596 2701 4650 sed
2739 4597 2913 4665 magis
2954 4595 3140 4661 Petro,
3172 4596 3375 4651 Jacobo
3409 4612 3474 4651 ac

1898 4684 2118 4741 Joanni.
2153 4686 2287 4739 Nam
2322 4686 2399 4751 hi,
2440 4700 2565 4740 cum
2602 4686 2837 4742 fuissent
2880 4702 3003 4740 cum
3048 4687 3291 4751 Christo,
3322 4687 3477 4743 dice-

1899 4780 2028 4834 bant
2069 4795 2179 4833 non
2226 4779 2518 4848 prohibere
2562 4778 3065 4832 circumcisionem.
3122 4777 3188 4830 Et
3229 4795 3356 4833 vere
3396 4780 3475 4832 illi

1898 4869 2309 4938 dispensatione
2340 4883 2403 4922 ac
2437 4868 2907 4923 condescensione
2945 4869 3181 4938 quadam
3215 4885 3340 4940 erga
3376 4867 3476 4923 Ju-

1899 4963 2045 5018 dmos
2076 4968 2293 5016 utentes
2325 4977 2433 5014 non
2465 4961 2829 5031 prohibebant
2855 4961 3351 5017 circuntcisiouem.
3372 4960 3478 5017 Ve-

1899 5071 2020 5110 rum
2041 5053 2097 5108 hi
2114 5054 2383 5110 occultata
2402 5068 2588 5119 causa,
2605 5068 2799 5122 nempe
2820 5054 2965 5122 quod
2988 5053 3477 5108 condescendendo

1900 5162 2010 5202 non
2045 5147 2420 5215 prohiberent,
2468 5160 2531 5199 ex
2581 5142 2725 5198 facto
2770 5158 2866 5199 eos
2898 5145 2965 5199 ad
2996 5145 3476 5200 circumcisionem

1898 5238 2241 5303 inescabant,
2262 5246 2316 5291 et
2339 5235 2565 5289 Paulum
2589 5235 2861 5305 abjectum
2890 5234 3212 5301 reddebant,
3231 5233 3477 5291 dicentes

1900 5330 2079 5398 ipsum
2119 5342 2227 5381 non
2259 5326 2489 5391 Christi,
2523 5326 2619 5381 sed
2656 5324 3029 5395 apostolorum
3069 5338 3194 5380 esse
3229 5323 3478 5393 discipu-

1901 5421 2036 5483 lum,
2064 5419 2283 5474 Petrum
2307 5433 2437 5473 vero
2467 5433 2532 5472 ac
2557 5426 2782 5473 caeteros
2813 5416 2988 5486 ipsius
3011 5415 3239 5472 Christi.
3272 5414 3479 5469 Deinde

1903 5509 2155 5563 dicebant
2178 5507 2324 5578 quod
2350 5507 2466 5577 ipse
2483 5507 2684 5561 Paulus
2708 5507 2840 5561 alibi
2862 5507 3278 5563 circumcidisse
3297 5512 3481 5563 osten-

1903 5601 2127 5656 deretur
2153 5611 2169 5653 :
2195 5614 2367 5670 quare
2402 5614 2497 5654 vos
2526 5613 2677 5669 ergo,
2721 5598 3000 5669 inquiunt,
3044 5615 3151 5654 non
3180 5597 3480 5653 circumci-

1903 5692 2020 5746 dit?
2048 5691 2182 5748 Vere
2242 5692 2388 5747 enim
2430 5689 2636 5745 Paulus
2684 5689 3026 5746 Timotheum
3069 5687 3480 5759 dispensatione

1902 5782 2138 5853 quadam
2169 5780 2610 5840 circumciderat.
2657 5778 2741 5837 Ad
2781 5780 2897 5837 haec
2936 5792 3067 5852 ergo
3104 5779 3322 5847 scribit,
3359 5788 3475 5834 sta-
