4192 6458
743 388 884 452 1103

1835 387 2233 449 (ECUMENII
2264 392 2554 452 ΤΒΙΕΟ.Ἐ
2593 394 2930 457 EPISCOPI

3860 405 4000 470 11οι

746 498 907 554 cendi
944 506 1147 552 autem
1208 496 1363 566 juxta
1415 495 1825 553 revelationem.
1896 518 1913 550 ι
1953 498 2016 552 Ει
2061 515 2227 569 quare
2261 502 2306 554 al

2436 505 2573 555 κατά
2606 506 2968 577 ἀποκάλυψιν.
3011 527 3027 560 ι
3068 508 3177 562 Καὶ
3216 508 3357 573 τίνος
3400 511 3585 566 ἕνεκεν
3619 513 3694 585 μὴ
3733 518 3887 588 παρά
3913 519 4017 591 τὴν

738 593 901 651 initio
943 608 1068 649 cum
1099 592 1234 662 ipsis
1285 605 1393 646 non
1421 592 1680 657 contulit,
1708 592 1801 650 sed
1829 602 1955 663 post
1983 601 2063 647 tot
2096 609 2271 650 annos
2299 595 2322 647 ?

739 682 1015 751 Quoniam
1052 680 1208 736 multi
1258 681 1516 737 videntes
1562 679 1787 737 Petrum
1839 697 1903 736 ac
1950 692 2178 739 ca:teros
2229 687 2321 755 qui

735 791 860 830 cum
927 790 991 828 eo
1040 783 1201 829 erant
1259 774 1540 843 apostolos
1588 774 1969 841 permittentes
2029 777 2322 834 circumci-

735 865 969 928 sionem,
1002 861 1233 917 Paulum
1294 877 1427 918 vero
1462 880 1570 917 non
1603 864 2037 933 permittentem,
2072 868 2319 922 oll‘ende-

733 962 938 1013 bantur
976 957 1133 1027 quasi
1164 955 1440 1012 dissidens
1470 966 1617 1013 esset
1652 959 1972 1028 prmdicatio
2030 959 2316 1015 Revelavit

731 1052 902 1122 igitur
955 1051 1194 1121 Spiritus
1247 1059 1501 1114 sanctus,
1558 1060 1612 1106 ut
1645 1052 1970 1106 ascenderet
1995 1053 2317 1124 Hierosoly-

734 1160 903 1208 mam,
945 1158 1055 1214 quo
1093 1144 1565 1213 persuaderentur
1613 1143 1647 1197 ii
1709 1143 1802 1214 qui
1869 1143 2313 1209 oﬂ‘endehantnr,

732 1236 936 1290 nullam
961 1235 1190 1289 omnino
1213 1249 1334 1289 esse
1378 1237 1430 1288 in
1473 1234 1861 1305 praedicatione
1887 1237 2311 1303 dissonantiam,

730 1325 823 1380 sed
859 1327 1034 1396 magis
1066 1324 1476 1394 dispensatione
1504 1314 1738 1394 quadam
1794 1328 2035 1396 permitti
2070 1329 2311 1383 circum-

728 1416 1017 1471 cisionem.
1048 1435 1067 1466 ι
1096 1415 1161 1468 Ει
1188 1417 1399 1470 contuli
1426 1430 1550 1471 cum
1582 1420 1847 1487 apostolis
1879 1419 2255 1491 Evangelium.
2288 1440 2306 1471 ι

727 1504 845 1562 Hoc
873 1514 979 1570 est,
1008 1507 1442 1573 communicavi,
1476 1507 1684 1576 sumpsi
1714 1523 1837 1562 cum
1863 1508 1943 1563 eis
1990 1510 2308 1564 consilium.

733 1616 750 1648 ι
790 1596 946 1662 Quod
969 1596 1231 1667 praedico,
1282 1616 1299 1648 ι
1339 1598 1459 1652 sine
1488 1599 1933 1654 circumcisione.
1967 1618 1983 1650 ι
2049 1600 2155 1655 Sed
2196 1604 2309 1671 pri-

725 1691 916 1747 vatim.
957 1709 973 1741 ι
1013 1689 1291 1756 Quoniam
1344 1690 1393 1743 hi
1440 1689 1533 1757 qui
1601 1704 1663 1742 cx
1706 1687 1909 1745 Judaeis
1961 1693 2308 1747 crediderant

728 1782 1142 1852 Hierosolymis,
1170 1778 1591 1835 oﬂetnlebantur
1609 1782 1655 1836 si
1676 1782 1800 1852 quis
1820 1782 2302 1839 circumcisionem

729 1875 1068 1943 prohiberet,
1106 1872 1259 1926 Pauli
1285 1884 1470 1927 autem
1500 1874 1814 1942 prmdlcatio
1846 1876 2018 1945 ipsam
2046 1876 2307 1931 tollebat:

726 1972 785 2017 ut
812 1964 962 2033 ipsos
994 1964 1202 2033 absque
1232 1962 1565 2018 oﬂ‘endiculo
1587 1972 1855 2029 servaret,
1895 1966 2152 2034 privatim
2182 1981 2307 2018 cum

725 2056 805 2111 cis
869 2054 1107 2109 contulit
1146 2055 1613 2123 praedicationem.
1680 2054 1744 2108 Et
1799 2057 2158 2124 quamobrem
2204 2057 2313 2126 pri-

726 2147 894 2200 vatim
921 2148 943 2200 ?
972 2145 1047 2201 Ne
1079 2162 1176 2216 per
1207 2145 1310 2199 hoc
1336 2146 1482 2215 quod
1521 2146 1673 2215 prius
1691 2147 1873 2200 omnia
1907 2148 2309 2203 concessissem

725 2239 1060 2295 oﬂ‘enderem
1105 2254 1202 2294 eos
1229 2238 1325 2309 qui
1358 2253 1533 2307 nuper
1574 2253 1641 2291 ex
1678 2237 2107 2292 circumcisione
2162 2240 2227 2293 ad
2250 2239 2313 2293 ﬁ-

723 2334 845 2389 dem
880 2340 1170 2396 venerant,
1201 2340 1255 2385 et
1278 2330 1545 2384 eﬂicerem
1577 2341 1635 2383 ut
1668 2344 1695 2382 a
1731 2329 1935 2383 Christi
1965 2329 2066 2384 fide
2084 2331 2311 2386 omnino

724 2419 1501 2493 discederent,perderemque
1523 2435 1747 2475 cursum
1787 2438 1990 2486 meum;
2015 2437 2077 2475 ac
2110 2438 2307 2477 vanum

722 2520 1030 2574 eﬂiceretur
1058 2525 1339 2570 certamen
1392 2522 1446 2569 et
1483 2513 1723 2568 studium
1760 2529 1964 2570 meum.
1993 2513 2128 2569 Nam
2171 2532 2308 2586 quo-

723 2612 885 2666 modo
917 2626 1025 2664 non
1054 2617 1200 2664 esset
1226 2609 1329 2662 hoc
1371 2608 1423 2660 in
1454 2622 1651 2660 vanum
1684 2622 1912 2661 currere
1968 2618 2062 2662 aut
2105 2624 2307 2662 cucur—

721 2705 884 2769 risse,
914 2704 961 2757 si
987 2700 1267 2756 currendo
1292 2709 1351 2754 ιιι
1394 2698 1583 2754 salvos
1610 2696 1868 2762 facerem,
1898 2715 2115 2753 rursum
2146 2716 2310 2770 quos-

720 2796 847 2851 dam
926 2794 1219 2850 temeraria
1263 2790 1596 2846 certitudine
1647 2790 1932 2861 perderem
1965 2793 1987 2843 ’ἰ
2022 2792 2310 2858 Quomodo

719 2888 885 2959 igitur
909 2901 1056 2941 nunc
1083 2885 1250 2940 etiam
1310 2884 1528 2954 publice
1557 2884 1740 2953 arguit
1769 2882 1792 2935 ?
1826 2882 2097 2948 Quoniam
2134 2886 2310 2955 magis

717 2987 1028 3051 promotum
1060 2986 1198 3041 erat,
1241 2985 1300 3032 et
1355 2976 1486 3047 quia
1544 2976 1794 3031 nonnulli
1839 2976 2306 3045 dispensationem

717 3073 994 3128 audebant
1026 3072 1203 3125 facere
1228 3070 1443 3139 dogma.
1475 3069 1583 3123 Aut
1615 3070 1759 3139 quod
1781 3071 1852 3122 ait
1891 3071 1964 3139 μή
2001 3087 2117 3132 πως
2155 3071 2308 3138 (num

2429 596 2603 668 ἀρχὴν
2656 599 2879 652 ἀνέθετο
2934 601 3140 669 αὐτοῖς,
3202 603 3340 659 ἀλλὰ
3396 608 3537 677 μετά
3587 608 3827 665 τοσαῦτα
3876 612 4012 683 Em;

2440 690 2661 763 Ἐπειδὴ
2699 692 2883 746 πολλοὶ
2935 694 3171 765 ὁρῶντες
3196 697 3322 762 τοῦς
3371 700 3516 771 ἀμφὶ
3547 702 3753 775 Πέτρον
3800 723 4017 775 συγχω-

2430 781 2660 853 ροῦντας
2695 787 3022 857 περιτομὴν,
3057 790 3147 842 τὸν
3169 790 3225 844 δὲ
3248 791 3457 845 Παῦλον
3494 795 3569 862 μὴ
3603 797 4015 867 συγχωροῦντα,

2429 874 2877 940 ἐσκανδαλίζοντο
2916 876 2992 941 ὡς
3043 879 3340 948 διαφωνίας
3380 882 3548 953 οῦσης
3598 888 3656 940 ὲν
3710 887 3788 959 τῷ
3839 889 4016 958 κηρύ-

2423 983 2617 1035 γματι,
2649 970 2711 1021 τὸ
2746 970 2968 1040 Πνεῦμα
2997 972 3058 1025 τὸ
3084 973 3241 1041 ἅγιον
3262 976 3619 1048 ἀπεκάλυψεν
3653 981 3805 1052 αὐτῷ
3832 983 3931 1052 τὴν
3960 985 4019 1035 ὲν

2439 1055 2798 1128 Ἰερουσαλὴμ
2834 1060 3042 1125 ἄνοδον,
3095 1063 3182 1118 ἵνα
3230 1066 3527 1120 πεισθῶσιν
3556 1070 3607 1121 οί
3660 1072 4019 1137 σκανδαλιζό-

2423 1152 2689 1218 μενοι,ὅτι
2711 1152 2976 1222 διαφωνία
2997 1155 3098 1223 μὲν
3120 1156 3345 1228 οὐδεμία
3385 1162 3442 1214 ὲν
3462 1159 3540 1231 τῷ
3566 1163 3906 1232 κηρύγματι.
3934 1167 4017 1218 nl-

2420 1245 2647 1313 κονομία
2659 1245 2715 1298 δὲ
2744 1247 2946 1315 μᾶλλον
2972 1248 3064 1303 τοῦ
3085 1252 3489 1321 συγχωρεῖσθαι
3520 1257 3843 1327 περιτομήν.
3861 1276 3878 1307 ι
3904 1258 4017 1310 Καὶ

2415 1336 2685 1409 ἀνεθέμην
2709 1342 2819 1404 τοῖς
2838 1341 3157 1408 ἀποστόλοις
3180 1344 3241 1397 τὸ
3260 1345 3614 1413 Εὑαγγέλιον.
3629 1367 3646 1400 ι
3667 1344 3812 1415 Οἶον,
3836 1352 4015 1403 Ἐκοι-

2416 1430 2697 1500 νωσάμην,
2734 1432 3150 1491 συνεϐούλευσα.
3181 1454 3198 1486 ι
3229 1438 3294 1489 Ὃ
3321 1436 3601 1508 κηρύσσω.
3644 1458 3663 1490 ι
3702 1442 3832 1511 Λίχα
3857 1459 4019 1512 περι-

2414 1523 2609 1592 τομῆς.
2636 1543 2654 1574 ι
2686 1526 2817 1577 Κατ’
2853 1525 2986 1579 ἰδίαν
3002 1527 3081 1580 δέ.
3108 1545 3126 1578 ι
3167 1528 3384 1597 Ἐπειδὴ
3421 1531 3471 1583 οί
3516 1529 3575 1596 ἐξ
3622 1530 3891 1586 Ἰουδαίων
3922 1553 4016 1587 πι-

2418 1617 2739 1680 στεύσαντες
2800 1621 2856 1671 ὲν
2921 1622 3279 1693 Ἰερουσαλὴμ
3332 1627 3797 1691 ἐσκανδαλίζοντο.
3845 1631 3900 1682 εί
3932 1647 4017 1694 τις

2415 1709 2715 1777 περιτομὴν
2738 1710 2956 1773 κωλύει,
2983 1712 3043 1763 τὸ
3071 1712 3126 1764 δὲ
3160 1713 3255 1766 τοῦ
3284 1716 3496 1768 Παύλου
3527 1720 3786 1788 κήρυγμα
3820 1720 4015 1790 ἀνῄρει

2337 1843 2385 1902 Β
2412 1798 2602 1868 αὐτὴν,
2619 1800 2765 1863 ὅπως
2783 1804 2975 1866 αὐτοὺς
2996 1806 3456 1869 ἀσκανδαλίστους
3472 1813 3612 1879 τηρή
3623 1827 3706 1881 σῃ.
3732 1812 3852 1865 κατ’
3874 1812 4014 1865 ἰδίαν

2419 1889 2602 1953 αὐτοῖς
2634 1891 2858 1945 ἀνέθετο
2892 1893 2953 1945 τὸ
2997 1897 3282 1965 κήρυγμα.
3310 1926 3379 1937 ——
3412 1897 3613 1973 [@913]
3656 1904 3755 1955 Διά
3804 1903 3857 1954 τί
3890 1907 4012 1955 κατ’

2420 1981 2592 2049 ἰδίαν;
2630 1984 2749 2038 Ἵνα
2786 1987 2859 2056 μὴ
2892 1987 3203 2057 ἔμπροσθεν
3236 1991 3455 2044 πάντων
3481 1992 3724 2056 ἀναθεὶς,
3773 1995 4013 2048 σκανδα-

2415 2071 2548 2126 λίσω
2577 2081 2865 2144 νεοπαγεῖς
2918 2080 3081 2145 ὄντας
3112 2084 3232 2135 τότε
3259 2086 3385 2148 τοὺς
3433 2088 3497 2139 ἐκ
3538 2089 3867 2159 περιτομῆς,
3913 2093 4013 2143 καὶ

2415 2163 2717 2237 ἀποστῆναι
2752 2169 2951 2233 αὐτοὺς
2992 2177 3403 2243 παρασκευάσω
3432 2180 3605 2234 διόλου
3641 2183 3736 2249 τῆς
3768 2185 4012 2249 πίστεως

2415 2257 2509 2309 τοῦ
2539 2258 2800 2327 Χριστοῦ,
2830 2263 2924 2315 καὶ
2947 2265 3201 2320 ἀπολέσω
3228 2267 3320 2321 τὸν
3346 2269 3547 2341 δρόμον
3577 2292 3701 2342 μου,
3724 2277 3817 2328 καὶ
3849 2281 4010 2342 κενὲς

2416 2347 2601 2420 δειχθῇ
2638 2353 2664 2402 ὀ
2698 2351 2849 2419 ἀγών
2892 2373 2993 2424 μου
3033 2358 3127 2410 καὶ
3157 2362 3191 2426 ὴ
3220 2361 3422 2433 σπουδή
3458 2381 3581 2432 μου.
3617 2367 3738 2429 Πῶς
3761 2371 3871 2438 γὰρ
3905 2372 4009 2423 οὐκ

2415 2440 2530 2495 ἔστι
2571 2445 2727 2498 κενὸν
2756 2448 2971 2519 τρέχειν
3019 2453 3113 2505 καὶ
3149 2454 3551 2527 δεδραμηκέναι
3576 2500 3589 2521 ,
3627 2461 3754 2514 ὅταν
3798 2465 4009 2533 τρέχων

2416 2536 2502 2587 ἵνα
2554 2537 2749 2604 σώσω,
2805 2542 3027 2611 ἐτέρους
3080 2546 3243 2599 πάλιν
3298 2549 3390 2602 διὰ
3444 2552 3541 2620 τῆς
3584 2555 4009 2624 ἀπερίσκεπτον

2416 2629 2706 2699 ἀκριϐείας
2766 2637 3062 2702 ἀπολλύω;
3118 2641 3243 2704 Πῶς
3294 2641 3388 2695 οῦν
3443 2643 3573 2707 νῦν,
3626 2649 3717 2699 καὶ
3769 2646 4014 2720 δημοσία

2413 2720 2666 2790 ὲλέγχει;
2714 2725 2796 2778 ὅτι
2834 2730 3088 2798 προκοπὴ
3127 2726 3220 2801 ἦν,
3264 2733 3358 2785 καὶ
3391 2734 3472 2786 ὃτι
3500 2738 3594 2787 καὶ
3630 2737 3810 2805 δόγμα
3859 2741 4013 2801 τινὲς

2411 2810 2510 2881 τὴν
2538 2814 2855 2886 οἰκονομίαν
2895 2819 3140 2891 ἐτόλμων
3173 2825 3371 2877 ποιεῖν.
3405 2826 3475 2878 Ἦ
3505 2826 3587 2893 τὸ,
3615 2827 3701 2896 μή
3734 2844 3885 2894 πως,
3916 2830 4011 2883 δύ-

2413 2921 2570 2957 ναται
2602 2909 2695 2960 καὶ
2717 2911 2837 2961 κατ’
2862 2910 3132 2983 ἐρώτησιν
3156 2916 3433 2985 εξρῆσθαι,
3453 2917 3529 2981 ώς
3551 2918 4010 2976 διαϐεϐαιωτικὺν

2411 2992 2470 3047 δν
2493 2996 2609 3059 τοῦ,
2633 2999 2714 3051 ὅτι
2731 2999 2830 3053 οὑκ
2850 3003 2928 3065 είς
2951 3003 3104 3057 κενὸν
3128 3007 3306 3076 τρέχω
3329 3007 3361 3077 ἤ
3387 3007 3639 3078 ἔδραμον,
3662 3012 3799 3065 ἀλλά
3828 3017 4008 3068 πάντα

2416 3086 2513 3140 σὺν
2536 3088 2809 3162 ἀσφαλείᾳ
2832 3093 3103 3163 ἔπραττον
3126 3097 3220 3149 καὶ
3248 3099 3499 3171 προνοίᾳ.
3528 3120 3546 3151 ι
3569 3102 3693 3165 Τοῖς
3720 3104 3967 3161 δοκοῦσι.
3984 3129 4001 3156 ι

716 3165 1038 3236 quomodo),
1080 3171 1261 3234 potest
1280 3178 1374 3232 per
1403 3162 1893 3233 interrogationem
1923 3162 2129 3215 dictum
2163 3178 2305 3228 esse,

2414 3179 2507 3242 Τὸ,
2552 3200 2569 3232 ι
2611 3182 2735 3245 Τοῖς
2760 3184 3035 3252 δοκοῦσιν,
3067 3207 3086 3240 ι
3118 3189 3220 3243 οὐκ
3244 3190 3598 3263 ἀναιροῦντος
3628 3196 3746 3249 ἐστι
3775 3198 3839 3249 τὸ
3865 3195 4007 3253 εἶναι

718 3268 979 3325 tanquam
1015 3256 1190 3325 magis
1215 3254 1658 3308 conﬁrmativam
1694 3253 1836 3321 quod
1872 3252 2061 3305 nonin
2102 3268 2302 3305 vanum

717 3363 966 3411 curram,
1040 3346 1242 3417 inquit,
1292 3356 1386 3399 aut
1434 3344 1761 3409 currebam,
1809 3344 1904 3399 sed
1952 3346 2135 3399 omnia
2181 3361 2304 3398 cum

719 3440 980 3495 ﬁrmitate
1008 3454 1071 3493 ac
1101 3438 1450 3509 providentia
1482 3437 1773 3506 operabar.
1837 3456 1853 3487 ι
1917 3436 2052 3491 Cum
2102 3438 2167 3492 iis
2212 3437 2305 3507 qui

716 3539 872 3587 erant
915 3531 971 3585 in
1018 3530 1209 3599 pretio.
1249 3551 1267 3579 ι
1317 3528 1473 3594 Quod
1523 3529 1599 3581 ait
1630 3568 1643 3589 ,
1706 3547 1723 3579 ι
1757 3528 1858 3595 Qui
1906 3538 2064 3584 erant
2098 3531 2149 3582 in
2179 3546 2303 3599 prc~

718 3626 817 3691 tio,
860 3643 881 3677 ι
910 3641 1018 3679 non
1051 3635 1132 3679 est
1192 3625 1435 3679 tollentis
1466 3634 1561 3677 aut
1609 3626 1863 3694 negantis
1898 3625 2121 3679 Petrum
2146 3640 2306 3679 easte-

720 3731 923 3785 rosque
949 3732 1072 3768 cum
1099 3731 1163 3769 eo
1194 3715 1475 3785 apostolos
1522 3731 1751 3784 magnos
1810 3716 2024 3782 fuisse;
2070 3717 2164 3771 sed
2221 3727 2306 3772 est

717 3806 885 3862 veluti
914 3808 957 3862 si
985 3807 1108 3875 quis
1130 3807 1311 3861 dicat:
1337 3806 1439 3872 Qui
1476 3806 1680 3877 aliquid
1713 3816 1892 3872 erant,
1931 3824 2121 3878 nempe
2143 3825 2304 3880 cory-

720 3898 883 3966 phaei.
908 3917 926 3951 ι
953 3897 1090 3951 Num
1110 3898 1383 3966 quomodo
1410 3899 1465 3951 in
1508 3913 1707 3951 vanum
1738 3914 2071 3952 currerent.»
2099 3899 2216 3955 Non
2247 3911 2308 3954 ut

718 3989 985 4044 discerem
1014 4003 1142 4041 num
1174 3989 1446 4057 quomodo
1485 3989 1536 4041 in
1571 4004 1767 4042 vanum
1790 4005 2066 4043 currerent
2100 3999 2307 4045 autcu-

718 4081 1013 4139 currissem
1031 4097 1045 4134 :
1065 4095 1323 4135 noveram
1342 4080 1487 4134 enim
1502 4096 1566 4133 ex
1591 4081 1917 4135 revelatione
1930 4082 2005 4135 Ch
2016 4075 2130 4135 ris‘ti
2146 4083 2308 4136 certi-

722 4174 962 4229 tudinem
1000 4171 1630 4242 praedicationisz726
1661 4173 1755 4225 sed
1807 4181 1864 4225 ut
1894 4172 2169 4227 discerent
2213 4173 2303 4241 qui

721 4266 865 4319 inter
887 4278 974 4317 me
993 4272 1047 4316 et
1093 4263 1308 4317 Petrum
1339 4279 1462 4317 cum
1502 4267 1714 4318 caeteris
1742 4264 2162 4333 suspicabantur
2183 4280 2305 4320 esse

717 4355 1047 4421 dissidium,
1066 4355 1211 4424 quod
1233 4369 1339 4409 nou
1365 4358 1419 4409 in
1453 4372 1652 4409 vanum
1680 4372 1958 4411 currerent
1986 4367 2078 4411 aut
2104 4373 2305 4413 cucur-

718 4448 936 4501 rissem.
995 4465 1013 4498 ι
1046 4446 1151 4500 Sed
1194 4461 1371 4515 neque
1397 4443 1556 4501 Titus
1588 4460 1797 4499 mecum
1827 4458 1966 4509 erat,
1996 4462 2119 4500 cum
2161 4458 2306 4503 esset

2409 3272 2536 3335 τοὺς
2568 3274 2697 3344 περὶ
2750 3275 2959 3347 Πέτρον
2996 3279 3291 3347 μεγάλους,
3319 3283 3435 3335 ἀλλ’
3480 3285 3556 3350 ὡς
3587 3286 3653 3339 ἄν
3704 3306 3788 3352 τις
3837 3292 4005 3354 εἴποι,

2408 3366 2521 3426 τοῖς
2551 3359 2673 3417 οὖσι
2727 3366 2805 3431 τὶ,
2856 3368 2970 3430 τοῖς
3014 3372 3357 3440 κορυφαίοις.
3398 3393 3415 3424 ι
3448 3376 3538 3447 Μή
3573 3396 3689 3443 πως
3734 3381 3817 3444 εἰς
3850 3385 4008 3436 κενὸν

2408 3456 2610 3525 τρέχω.
2646 3475 2664 3507 ι
2701 3457 2776 3510 Ού
2808 3457 2917 3530 γάρ
2949 3460 3035 3513 ἴνα
3079 3461 3189 3529 ἐγὼ
3235 3464 3415 3533 μάθω,
3452 3469 3525 3538 μή
3558 3487 3674 3531 πως
3720 3473 3804 3533 εἰς
3850 3476 4008 3527 κενὸν

2408 3549 2607 3618 τρέχω,
2645 3550 2677 3619 ἢ
2713 3549 2948 3622 ἔδραμον
2998 3553 3172 3625 (ᾔδειν
3219 3558 3328 3627 γὰρ
3369 3561 3431 3611 ὲκ
3466 3561 3565 3631 τῆς
3599 3564 4007 3635 ἀποκαλύψεως

2410 3639 2506 3692 τοῦ
2538 3642 2801 3710 Χριστοῦ,
2836 3644 2933 3713 τὴν
2962 3646 3250 3713 ἀκρίϐειαν
3283 3650 3373 3703 τοῦ
3406 3654 3788 3727 κηρύγματος)
3822 3676 3834 3687 ·
3889 3662 4005 3712 ἀλλ’

2410 3729 2497 3781 ἵνα
2536 3731 2780 3798 μάθωσιν
2811 3733 2861 3784 οί
2912 3733 3317 3800 διαστασιάζειν
3362 3757 3429 3808 με
3486 3745 3597 3804 τοῖς
3634 3749 3761 3816 περὶ
3796 3747 4006 3817 Πέτρον

2411 3818 2788 3885 ὑπονοοῦντες,
2830 3823 2910 3876 ὃτι
2941 3826 3040 3878 οῦκ
3090 3828 3172 3889 είς
3224 3829 3381 3881 κενὸν
3427 3833 3608 3903 τρέχω
3649 3836 3681 3906 ἦ
3738 3838 4002 3908 ἔδραμον.

2416 3928 2434 3960 ι
2472 3911 2610 3964 Ἀλλέ
2645 3914 2766 3966 οὐδὲ
2803 3916 2960 3979 Τίτος
3001 3919 3029 3971 ὁ
3072 3920 3171 3972 σὺν
3215 3923 3337 3991 ἐμοὶ
3360 3925 3559 3997 ’Έλλην
3591 3927 3684 3982 ὧν.
3726 3949 3743 3979 ι
3796 3932 3855 3984 Ὀ
3909 3936 4006 3985 σὺν

2409 4004 2553 4070 ἐμοὶ,
2580 4005 2764 4071 φησὶν,
2796 4007 3035 4060 ἀνελθὼν
3079 4014 3157 4075 είς
3203 4013 3551 4087 Ἱεροσόλυμα
3592 4020 3816 4088 Ἕλλην,
3846 4040 4004 4076 τουτ-

2410 4090 2586 4158 έστιν,
2618 4094 2977 4164 ἀκρόϐυστος.
3028 4098 3333 4175 Τοιγαροῦν
3367 4107 3702 4178 ἀκρὸῦυστος
3749 4112 3855 4177 ῶν,
3904 4116 4004 4169 οὐκ

2409 4182 2734 4253 ἠναγκάσθη
2759 4188 2910 4258 παρά
2933 4190 3042 4243 τῶν
3069 4193 3384 4248 ἀποστόλων
3405 4201 3833 4271 περιτμηθῆναι,
3864 4206 4002 4276 ὅπερ

2410 4271 2631 4343 ἐλεγχος
2661 4272 2751 4346 ἦν,
2785 4280 2921 4349 μηδὲ
2951 4284 3078 4346 τοὺς
3113 4287 3241 4355 περὶ
3274 4287 3480 4360 Πέτρον
3512 4292 3814 4361 κηρύσσειν
3841 4271 4001 4368 ττεριζ

2409 4364 2603 4434 τομὴν,
2637 4367 2725 4419 διὰ
2753 4368 2809 4421 δὲ
2841 4375 3251 4439 συγκατάσασιν
3282 4379 3389 4432 τῶν
3417 4382 3476 4445 ἐξ
3517 4384 3731 4455 Ἰσραὴλ
3765 4364 3997 4452 πιστῶν,

2414 4460 2719 4549 συγχωρεῖν
2756 4460 2856 4531 τὴν
2884 4468 3210 4536 περιτομήν.
3237 4499 3309 4508 -
3337 4473 3591 4537 Ἄλλως.
3630 4474 3835 4549 [ΦΩΤ.]
3864 4483 4000 4534 υὸδὲ

716 4536 993 4592 Graecus.»
1034 4535 1137 4602 Qui
1169 4553 1380 4592 mecum
1403 4537 1724 4593 ascenderat
1748 4539 2197 4610 Hierosolymam,
2221 4540 2303 4593 in-

2414 4547 2594 4612 Τίτον,
2661 4553 2816 4620 φησὶ,
2867 4556 3044 4609 καίτοι
3105 4560 3358 4631 ἐπίδηλον
3402 4535 3648 4631 ὅντα-ἐξ.
3673 4535 4002 4641 Ἑλληνικῆς

717 4630 860 4697 quit,
882 4626 1129 4692 Gmcus,
1156 4629 1207 4683 id
1225 4640 1325 4694 est,
1348 4631 1734 4685 circumcisus.
1764 4632 1933 4701 Igitur
1955 4647 2075 4687 cum
2092 4647 2305 4701 praepu-

719 4720 890 4773 tiatus
906 4728 1077 4783 esset,
1097 4734 1202 4772 non
1222 4732 1305 4774 est
1326 4719 1396 4774 ab
1418 4723 1680 4791 apostolis
1698 4734 1922 4777 coactus
1942 4724 2262 4777 circumcidi
2286 4745 2298 4781 :

719 4810 864 4876 quod
892 4819 1273 4880 argumentum
1300 4821 1419 4866 erat
1455 4829 1632 4884 neque
1655 4812 1877 4870 Petrum
1910 4830 2034 4869 cum
2091 4818 2304 4872 caeteris

716 4901 1018 4970 praedicare
1033 4903 1534 4970 circumcisionem,
1566 4905 1661 4960 sed
1705 4914 1929 4976 propter
1963 4911 2303 4963 condescen-

719 4993 933 5047 sionem
965 4992 1343 5049 lsraclitarum
1377 4994 1619 5051 fidelium
1649 4999 1952 5053 concedere
2006 5000 2301 5055 circumci-

717 5086 948 5141 sionem.
986 5085 1199 5140 -Αιὶο
1249 5088 1426 5143 modo.
1462 5087 1652 5159 Neque
1697 5091 1903 5156 Titum,
1940 5092 2139 5162 inquit,
2176 5096 2301 5149 licet

716 5176 1072 5233 manifestum
1120 5188 1269 5235 esset
1306 5178 1497 5235 Graeco
1534 5192 1719 5237 natum
1746 5198 1868 5239 esse
1927 5188 2154 5251 semine,
2188 5188 2299 5243 ullo

716 5270 875 5323 modo
901 5271 1285 5341 compulerunt
1316 5274 1550 5342 apostoli
1588 5275 1935 5342 circumcidi,
1979 5294 2296 5348 quanquam

715 5370 1011 5428 praesentes
1074 5362 1327 5418 viderent
1374 5363 1545 5420 falsos
1610 5366 1829 5423 fratres.
1891 5367 2025 5424 Nam
2077 5386 2105 5423 a
2148 5389 2300 5429 com-

713 5453 869 5505 muni
929 5468 1093 5509 sensu
1156 5470 1373 5510 rursum
1426 5458 1937 5530 subintelligcmlum
1971 5474 2098 5519 est:
2140 5484 2158 5517 ι
2192 5466 2296 5523 Sed

713 5560 909 5615 neque,
952 5565 970 5597 ι
1006 5553 1061 5599 ut
1086 5546 1157 5600 sit
1215 5563 1414 5603 sensus
1448 5549 1594 5605 :Sed
1644 5568 1821 5621 neque
1865 5554 2020 5611 Titus
2063 5560 2298 5629 compul-

712 5649 807 5692 sus
885 5636 989 5692 t’uit
1052 5637 1372 5693 circumcidi
1407 5683 1421 5707 ,
1459 5656 1640 5711 neque
1696 5653 1917 5713 propter
1968 5648 2144 5703 obiter
2207 5649 2293 5703 in-

711 5746 933 5798 gressos
1010 5733 1177 5789 falsos
1248 5732 1469 5790 fratres.
1529 5735 1673 5802 Quid
1722 5752 1849 5808 ergo
1890 5740 1913 5793 ?
1965 5740 2147 5807 Quare
2196 5743 2291 5796 Ti-

713 5823 987 5878 Inotheum
1060 5825 1449 5896 circumcidit,
1505 5829 1551 5883 si
1619 5839 1886 5886 rationem
1953 5848 2061 5888 non
2133 5834 2294 5890 habet

2412 4643 2620 4710 σπορᾶς
2645 4648 3039 4717 γεγενημένον,
3072 4652 3192 4705 οὐδὲ
3222 4654 3412 4708 τοῦτον
3440 4658 3756 4726 ἠνάγκασαν
3778 4664 3827 4714 οί
3862 4665 4001 4717 ἀπό-

2411 4732 2587 4785 στολοι
2619 4738 3049 4810 περιτμηθῆναι,
3077 4744 3255 4797 καίτοι
3326 4751 3603 4819 παρόντας
3636 4753 3870 4821 ὁρῶντες
3904 4757 4001 4810 καὶ

2407 4826 2532 4889 τοὺς
2558 4827 2981 4907 ψευδαδέλφους.
3016 4836 3089 4889 Τὸ
3119 4840 3248 4908 γὰρ,
3284 4858 3302 4890 ι
3328 4842 3465 4894 Ἀλλ’
3495 4845 3636 4907 οὐδὲ,
3675 4866 3694 4897 ι
3741 4849 3852 4900 ἀπὸ
3882 4867 3998 4902 κοι-

2406 4914 2498 4968 νοῦ
2549 4918 2874 4989 ὲκληπτέον,
2904 4917 3036 4987 οἷον,
3102 4926 3245 4979 Ἀλλ’
3287 4929 3407 4982 οὐδὲ
3444 4932 3602 4994 Τίτος
3644 4934 3995 5006 ἠναγκάσθη.

2406 5010 2561 5077 φησὶ,
2616 5012 3043 5084 περιτμηθῆναι.
3098 5019 3233 5073 Οὐδὲ
3275 5021 3362 5076 διὰ
3400 5024 3525 5085 τοὺς
3583 5030 3995 5094 παρεισάκτους

2402 5099 2822 5171 ψευδαδέλφους.
2862 5106 2926 5158 Ί”ί
2966 5109 3089 5175 οῦν;
3116 5115 3214 5166 Διά
3245 5115 3297 5165 τί
3324 5115 3413 5169 τὸν
3450 5117 3714 5186 Τιμόθεον
3746 5125 3996 5191 περιέτεο

2406 5211 2527 5262 μεν,
2567 5198 2615 5248 εἰ
2670 5198 2829 5265 λόγον
2870 5202 2930 5253 οὐ
2973 5206 3207 5259 ποιεῖται
3255 5206 3363 5258 τῶν
3408 5207 3833 5279 ψευδαδέλφωνς
3871 5214 3994 5268 Οὐδ’

2402 5287 2607 5343 ἐκεῖνον
2629 5290 2716 5344 διὰ
2743 5293 2964 5357 τούτους
3002 5297 3317 5367 περιέτεμε,
3341 5300 3414 5369 μὴ
3446 5301 3685 5368 γένοιτοί
3738 5305 3882 5357 Ἀλλ’
3905 5308 3993 5359 ἰνα

2402 5378 2640 5451 κερδήσῃ
2690 5384 2816 5447 τοὺς
2863 5385 2930 5439 δι’
2966 5388 3269 5455 ⁵ἀσθένειαν
3323 5391 3601 5462 λογισμῶν
3638 5396 3992 5460 σκανδαλιζο-

2404 5471 2619 5538 μένους.
2649 5474 2775 5539 Τοῖς
2811 5478 2908 5546 μὲν
2937 5480 3045 5550 γάρ
3075 5482 3383 5546 ἀσθενοῦσι,
3421 5486 3504 5538 δεῖ
3534 5491 3991 5555 συγκαταϐαίνειν

2401 5564 2493 5616 ἐπὶ
2525 5563 2793 5639 θεραπείᾳ
2832 5572 3038 5643 πραείᾳ
3076 5576 3171 5629 τοῦ
3202 5577 3661 5650 ἀρῥωστήματος,
3698 5584 3813 5645 τοῖς
3849 5584 3895 5637 δ’
3923 5586 3991 5640 ἐκ

2400 5660 2738 5729 κακουργίας
2787 5665 2884 5717 καὶ
2918 5670 3161 5738 πονηρᾶς
3196 5670 3425 5742 γνώμης
3460 5674 3809 5743 ὁρμωμένοις
3863 5677 3987 5731 οὐδὲ

2399 5748 2458 5798 τὸ
2484 5749 2764 5819 ἐλάχιστον
2793 5756 3061 5814 ὑπείκειν.
3095 5757 3256 5816 Οὗτοι
3291 5766 3422 5834 γάρ,
3446 5766 3508 5818 οὐ
3552 5767 3716 5835 μόνον
3745 5771 3809 5824 οὐ
3838 5770 3987 5823 δέον-

2399 5856 2489 5891 ται
2541 5842 2859 5915 θεραπείας,
2902 5851 3212 5922 κρείττονος
3250 5856 3470 5929 ἀπάσης
3533 5860 3835 5930 θεραπείας
3884 5861 3981 5919 τοῦ
