4192 6458
196 379 343 445 1105
1192 386 1585 450 COMMENT.
1630 388 1709 449 IN
1743 390 1803 449 El

1905 394 1987 453 iT.
2032 397 2132 455 AD
2158 396 2428 462 GALAT.
3346 398 3493 466 1106

190 492 403 555 πάθους
424 492 609 555 αὑτοῖς
626 492 1093 564 ὲνστηριχθέντος,
1114 492 1250 547 ἀλλὰ
1280 495 1371 547 καὶ
1410 496 1536 560 τοὺς
1574 497 1803 567 πλησίον

1909 500 2172 556 falsorum
2204 504 2481 562 fratrum?
2537 508 2725 581 Neque
2758 510 2910 567 illum
2939 518 3161 583 propter
3206 510 3357 579 ipsos
3379 512 3492 567 cir-

192 580 420 652 ζητοῦσι
440 585 541 654 τῆς
566 585 774 649 οἰκείας
792 586 947 639 νόσου
973 586 1303 657 ἀναπλῆσαι.
1322 588 1433 655 Διὸ,
1464 590 1630 643 ιΟὑδὲ
1663 591 1796 659 πρὸς

1908 597 2194 652 cumcidit.
2248 597 2489 656 Minime.
2714 615 2773 660 ut
2832 580 2956 660 illos
3012 580 3359 661 lucrifaceret
3398 604 3489 674 qui

192 678 347 750 ὥραν
366 681 550 743 αὐτοῖς
580 680 823 749 εἴξαμεν,
842 680 936 734 καὶ
950 682 982 733 σ
1000 679 1144 745 θεῖος
1179 681 1538 750 ἀποφαίνεται
1555 683 1788 747 Παῦλος.

1905 686 2221 747 infirmitate
2269 692 2708 752 oﬂ‘endebantur.
2745 698 2986 754 lulirmis
3037 698 3311 770 siquidem
3358 712 3491 752 con—

194 777 530 834 descendere
556 778 857 857 oportetin
909 777 1025 832 miti
1065 776 1277 833 medela
1327 779 1665 846 aegritudinis
1701 799 1713 835 :
1757 780 1844 837 his
1884 796 2011 839 vero
2042 787 2134 855 qui
2175 803 2240 842 ex
2272 789 2417 846 malo
2444 803 2643 847 conatu
2672 808 2949 865 pravaque
2977 804 3160 850 mente
3186 811 3300 850 rem
3335 794 3494 850 insli-

196 881 388 939 tuunt,
422 891 491 928 ne
536 875 589 928 in
644 874 875 929 minimo
918 875 1138 945 quidem
1167 874 1383 930 cedere.
1420 874 1557 929 Nam
1590 876 1643 929 hi
1677 893 1785 931 non
1842 880 2020 934 solum
2079 882 2345 941 medelam
2408 904 2517 944 non
2549 898 2813 959 expetunt
2845 908 2971 946 cum
3011 891 3188 962 magis
3231 892 3286 946 in
3344 890 3492 946 malo

196 971 452 1023 firmatus
484 971 552 1025 sit
580 971 716 1040 ipsis
768 970 999 1026 all‘eclus
1038 986 1201 1041 quam
1255 981 1314 1025 nt
1351 972 1515 1026 ullam
1551 973 1807 1027 admittat
1865 991 2055 1032 curam
2089 1018 2103 1042 ,
2139 996 2325 1036 verum
2378 985 2539 1039 etiam
2582 988 2864 1056 proximos
2894 989 3119 1059 cupiunt
3143 989 3364 1059 proprio
3409 1003 3492 1043 re-

194 1062 348 1132 plere
385 1063 597 1118 morbo.
635 1062 785 1126 Ideo,
828 1062 937 1118 «Ne
968 1063 1035 1118 ad
1079 1063 1268 1118 horam
1295 1064 1517 1133 quidem
1542 1065 1815 1121 cessimus
1854 1069 2022 1139 ipsis;
2049 1090 2067 1123 ι
2104 1080 2158 1127 et
2185 1078 2513 1132 sententiam
2550 1079 2691 1134 hanc
2742 1080 2986 1150 loquitur
3042 1082 3201 1137 divus
3262 1082 3488 1135 Paulus-

266 1152 374 1206 Διὰ
429 1154 499 1207 δὲ
550 1154 695 1221 τοὺς
730 1154 1174 1224 παρεισάκτους
1215 1155 1684 1228 ψευδαδέλφους
1715 1160 1800 1213 οἴ-

194 1262 363 1311 τινες
402 1247 823 1314 παρεισῆλθον
867 1246 1338 1316 κατασκοπῆσαι
1393 1249 1509 1315 τὴν
1561 1251 1799 1304 ἐλευθε-

191 1339 339 1404 ρίαν
380 1338 569 1408 ἡμῶν,
631 1340 712 1407 ἢν
755 1340 976 1410 ἔχομεν
1013 1340 1085 1393 ἐν
1144 1338 1379 1407 Χριστῷ
1429 1342 1651 1407 Ἰησοῦ,
1697 1343 1798 1396 ἵνα

196 1428 357 1496 ἡμᾶς
417 1430 1037 1495 καταδουλώσωνται,
1077 1425 1167 1496 οἷς
1228 1430 1373 1485 οὐδὲ
1423 1435 1575 1501 πρὸς
1638 1434 1789 1502 ὤραν

194 1520 449 1590 εἴξαμεν
476 1522 550 1590 τῇ
573 1522 874 1593 ὑποταγῇ,
909 1526 1011 1579 ἵνα
1045 1528 1082 1595 ἡ
1113 1524 1367 1594 ἀλήθεια
1396 1525 1505 1579 τοῦ
1528 1528 1789 1595 Etiam-s-

194 1615 341 1667 λςόυ
365 1613 646 1683 διαμείνῃ
676 1616 826 1685 πρὸς
855 1615 1032 1685 ὑμᾶς.

270 1707 409 1760 Οὐδὲ
450 1707 637 1776 ἐπειδὴ
673 1708 722 1760 οί
745 1709 1101 1779 ψευδάδελφοι
1135 1710 1414 1781 παρῆσαν,
1442 1710 1625 1780 φησὶν,
1662 1713 1796 1781 ὴ·ιὰ-

196 1814 416 1865 γκασαν
462 1800 511 1852 οἱ
555 1799 844 1853 ἀπόστολοι
872 1802 1035 1855 Τίτον
1069 1804 1501 1874 περιτμηθῆναι,
1542 1804 1681 1874 ὅπερ
1720 1800 1788 1876 ἦν

197 1889 421 1958 δεῖγμα,
463 1886 558 1942 τοῦ
594 1888 670 1960 μὴ
718 1890 1035 1960 νομοθετεῖν
1084 1867 1213 1956 τοὺς
1242 1867 1410 1963 ducat
1463 1867 1669 1961 Πέτρον
1697 1867 1796 1964 την
1832 1867 1873 1921 Β

200 1982 535 2053 περιτομήν.
593 1982 965 2053 Ψευδάδελφοι
996 1984 1051 2038 δὲ
1084 1979 1224 2056 ἦσάν
1267 2003 1413 2047 τινες
1450 1987 1507 2038 ὲν
1555 1988 1796 2056 σχήματι

200 2073 454 2143 ἀδελφῶν
495 2076 863 2144 Χριστιανῶν,
906 2079 1212 2148 περιτομὴν
1258 2078 1650 2148 κηρύσσοντες,
1700 2081 1799 2148 οὑχ

200 2165 280 2227 ὡς
308 2168 358 2219 οἱ
399 2168 530 2235 περὶ
582 2166 811 2238 Πέτρον,
842 2168 931 2222 διὰ
991 2169 1403 2237 συγητὰὀασιν
1453 2170 1548 2223 καὶ
1593 2172 1801 2225 οἰκονο-

205 2258 360 2328 μίαν,
404 2256 519 2311 ἀλλ’
546 2258 623 2321 ὡς
660 2258 825 2329 νόμον
855 2259 1199 2325 ὲκδ;κοῧντες
1229 2263 1290 2314 τὸ
1325 2266 1580 2332 πρᾶγμα.
1606 2263 1717 2316 Καὶ
1750 2265 1799 2317 οἱ

206 2350 309 2418 μὲν
340 2349 652 2411 ἀπόστολοι,
685 2351 815 2419 παρ’
857 2351 1133 2413 Ἰουδαίοις
1154 2350 1314 2405 τοῦτο
1355 2354 1513 2423 μόνον
1559 2353 1797 2423 συνεχῶ-

208 2459 362 2512 ρουν,
396 2445 595 2495 ἐκεῖνοι
625 2443 683 2495 δὲ
711 2445 805 2496 καὶ
828 2444 887 2495 ὲν
915 2446 1027 2507 τοῖς
1058 2444 1234 2497 ἔθνεσι
1264 2446 1570 2516 περιτομὴν
1607 2448 1800 2511 Evago—

204 2535 419 2589 θέτουν.
465 2529 624 2589 Οὗτοι
660 2535 768 2606 γὰρ
798 2531 940 2606 ἦσαν
973 2536 1023 2587 ot
1055 2535 1300 2598 Γαλάτας
1328 2535 1797 2604 δεαθορυϐοὖντες.

202 2626 341 2678 Οὐδὲ
369 2626 548 2678 αὑτῶν
574 2624 687 2685 οὖν,
724 2628 883 2695 φησὶ,
945 2626 1252 2698 παρόντων,
1306 2623 1387 2690 οἷς
1438 2628 1598 2698 ἔργον
1648 2645 1802 2698 περι-

202 2719 380 2787 τομὴν
434 2718 751 2789 κηρύσσειν,
784 2718 1106 2788 ἠναγκάσθη
1170 2720 1326 2783 Τίτος
1372 2721 1797 2790 περιτμηθῆναι.

208 2829 229 2862 ι
258 2810 470 2875 Οῖτινες
530 2811 915 2883 παρεισῆλθον.
953 2832 971 2863 ι
1006 2814 1069 2865 Οἱ
1098 2813 1478 2883 ψευδάδελφοι,
1515 2813 1671 2882 φησὶ,
1707 2814 1804 2865 λα-

203 2902 417 2974 θραίως
450 2905 877 2974 παρεισέδυσαν,
914 2906 1340 2975 κατασκοπῆσαι
1382 2906 1540 2976 ἡμῶν
1578 2905 1806 2974 ζητοῦν-

204 3011 300 3057 τες
329 2996 431 3066 τὴν
478 2998 535 3049 ὲν
576 2996 800 3067 Χριστῷ
833 2996 1174 3068 ἐλευθερίαν,
1210 2998 1296 3051 ἵνα
1327 3000 1476 3069 ἡμᾶς
1517 3002 1683 3053 πάλιν
1725 2999 1803 3070 τῷ

206 3086 362 3157 ζυγῷ
409 3087 503 3139 τοῦ
553 3088 721 3153 νόμου
766 3086 1101 3147 ὑποϐάλωσι,
1153 3089 1246 3142 καὶ
1294 3092 1419 3155 ταῖς
1478 3091 1802 3155 Ἰουδαῖκαῖς

1984 1163 2050 1230 ll,
2083 1165 2139 1231 4,
2188 1167 2237 1222 5.
2275 1166 2380 1222 Sed
2407 1182 2620 1239 propter
2649 1174 2820 1229 obiter
2841 1175 3106 1246 ingressos
3159 1176 3323 1246 falsos
3375 1176 3492 1246 fra-

1903 1264 2030 1318 tres,
2068 1261 2158 1327 qui
2205 1262 2627 1320 subintroierant
2662 1268 2731 1322 ad
2754 1267 3148 1339 explorandam
3190 1269 3490 1325 libertatem

1901 1360 2163 1413 nostram.
2208 1372 2368 1423 quam
2405 1358 2661 1413 habemus
2694 1364 2746 1414 in
2799 1361 3013 1417 Christo
3064 1362 3215 1425 Iesu.
3251 1380 3354 1435 quo
3395 1381 3489 1418 nos

1902 1439 1956 1492 in
1998 1444 2302 1497 servitutem
2334 1449 2629 1518 adigerent.
2669 1451 2910 1517 Quorum
2943 1471 3007 1507 ne
3034 1454 3104 1506 ad
3136 1454 3325 1507 horam
3380 1455 3493 1525 qui-

1903 1530 2021 1584 dem
2049 1535 2302 1589 cessimus
2340 1540 2672 1607 snbjectioui,
2698 1554 2755 1596 ut
2810 1545 3002 1599 ueritas
3055 1544 3333 1615 Evangelii
3373 1561 3493 1614 per-

1900 1635 2133 1678 maneret
2173 1629 2313 1694 apud
2343 1646 2450 1683 vos.

1964 1714 2153 1787 Neque
2201 1737 2266 1774 eo
2332 1723 2477 1791 quod
2534 1725 2788 1783 adessent
2853 1728 2972 1785 falsi
3016 1729 3235 1794 fratres,
3291 1729 3345 1785 id
3384 1737 3491 1796 est,

1904 1805 2016 1860 ficti
2061 1809 2380 1878 Christiani,
2436 1818 2825 1886 compulerunt
2883 1822 3116 1891 apostoli
3152 1821 3335 1877 Titum
3387 1822 3493 1876 cir-

1901 1903 2161 1969 cumcidi,
2205 1906 2349 1975 quod
2397 1908 2612 1977 signum
2644 1920 2761 1965 erat
2787 1913 3005 1968 Petrum
3053 1929 3177 1968 cum
3209 1915 3326 1970 suis
3381 1929 3491 1970 non

1900 1998 2119 2049 sancire
2150 1996 2659 2057 circumcisionem.
2692 2004 2842 2060 Falsi
2876 2014 3059 2060 autem
3111 2006 3314 2062 fratres
3331 2016 3492 2062 erant

1902 2086 2123 2159 quidam
2180 2089 2235 2143 in
2269 2092 2457 2147 habitu
2502 2093 2734 2150 fratrum
2768 2098 2885 2153 sive
2910 2098 3357 2155 Christianorum
3383 2100 3493 2155 cir-

1903 2178 2300 2235 cumcisionem
2322 2184 2688 2252 praedicantes
2722 2205 2737 2243 ε
2768 2205 2877 2244 non
2932 2192 3078 2246 sicut
3134 2192 3331 2248 Petrus
3360 2208 3489 2248 cum

1903 2272 2116 2327 caeteris
2166 2284 2388 2344 propter
2463 2279 2992 2337 condescensionem
3074 2294 3128 2340 et
3196 2287 3489 2356 quamdam

1904 2363 2400 2433 dispensationem,
2465 2370 2559 2425 sed
2617 2388 2730 2428 rem
2792 2383 3052 2445 tanquam
3083 2378 3254 2447 legem
3289 2377 3488 2433 defen-

1904 2455 2115 2509 dentes.
2149 2457 2315 2527 727
2367 2459 2427 2513 Et
2460 2465 2693 2532 apostoli
2721 2466 2937 2534 quidem
2964 2467 3106 2536 apud
3136 2466 3355 2525 Iudaeos
3387 2470 3493 2526 hoc

1906 2548 2083 2602 solum
2121 2552 2533 2620 permittebant,
2591 2556 2665 2611 illi
2703 2574 2833 2613 vero
2865 2560 3007 2615 inter
3043 2572 3233 2631 gentes
3273 2579 3495 2634 quoque

1903 2640 2385 2698 circumcisionem
2417 2646 2533 2715 lege
2561 2648 2879 2705 statuebant
2910 2671 2924 2718 ;
2955 2653 3009 2707 hi
3044 2655 3192 2709 enim
3216 2657 3492 2725 erantqui

1904 2731 2124 2787 Galatas
2178 2736 2493 2791 turbabant.
2532 2739 2717 2811 Neque
2743 2744 2827 2797 his
2882 2744 3048 2813 igitur
3100 2748 3495 2815 prtesentihus,

1908 2823 2107 2892 inquit,
2144 2842 2375 2895 quorum
2412 2831 2650 2886 olIicium
2688 2843 2807 2889 erat
2847 2836 3324 2892 circumcisionem
3360 2854 3501 2909 prae-
3578 2868 3583 2873 ι

1906 2912 2114 2979 dicare,
2148 2920 2470 2987 compulsus
2498 2920 2600 2976 fuit
2624 2921 2781 2979 Titus
2802 2925 3148 2981 circumcidi.
3176 2947 3195 2979 ι
3226 2928 3329 2995 Qui
3356 2929 3493 2985 sub-

1908 3004 2261 3062 introierant.
2305 3029 2322 3062 ι
2384 3011 2554 3079 Pulsi,
2589 3014 2789 3085 inquit.
2827 3016 3049 3084 fratres,
3075 3020 3217 3075 clam
3253 3021 3494 3093 irrepse-

1908 3108 2034 3151 rant
2067 3101 2357 3169 explorare
2376 3116 2685 3174 quaerentes
2717 3121 2965 3165 nostram
2988 3110 3045 3165 in
3073 3110 3295 3167 Christo
3325 3113 3493 3167 liber-

206 3178 657 3248 παρατηρήσεσι.
689 3179 764 3233 Τὸ
789 3181 898 3250 γὰρ
934 3180 1007 3250 μὴ
1032 3180 1246 3243 τούτοις
1283 3182 1627 3250 ὑποκεῖσθαι,
1652 3184 1800 3237 ἐλευ-

1910 3198 2101 3256 tatem,
2171 3203 2228 3248 ut
2279 3213 2379 3252 nos
2455 3214 2673 3254 rursum
2720 3202 2852 3272 jugo
2899 3204 3031 3273 legis
3084 3204 3383 3259 subderent
3426 3221 3493 3260 at:

207 3269 401 3340 θερίαν
430 3270 599 3338 λέγει.
628 3271 769 3341 Ὅρα
795 3270 852 3323 δὲ
880 3271 994 3332 πῶς
1027 3270 1227 3336 ἔδειξεν
1253 3271 1451 3334 αὐτοὺς
1482 3273 1799 3343 πολεμίους,

207 3364 302 3415 καὶ
351 3361 446 3414 ἐπὶ
481 3361 631 3434 λύμῃ
665 3362 765 3430 τῆς
815 3362 1054 3425 πίστεως
1108 3361 1544 3429 εἰσεληλυθότας,
1586 3365 1803 3432 πρῶτον

205 3452 286 3524 τῷ
322 3456 523 3516 εἰπεῖν,
561 3472 579 3504 ι
606 3452 1032 3525 παρεισῆλθωμ
1070 3455 1171 3523 τὴν
1207 3453 1468 3523 λαθραίαν
1501 3456 1679 3509 αὑτῶν
1710 3458 1803 3511 καὶ

207 3546 501 3599 ἐπίϐουλον
541 3545 748 3599 εἴσοδον
803 3544 1002 3617 δηλῶν,
1053 3546 1147 3599 καὶ
1195 3546 1273 3615 τῷ
1320 3548 1518 3614 εἰπεῖν,
1569 3566 1587 3600 ι
1621 3550 1806 3602 Κατα-

209 3642 509 3709 σκοπῆσαι.
543 3659 561 3691 ι
585 3640 644 3693 Ὀ
670 3640 779 3711 γὰρ
812 3639 1204 3703 κατασκοπῶν,
1234 3639 1328 3693 ἐπὶ
1366 3639 1538 3713 βλάϐῃ
1564 3644 1654 3695 καὶ
1689 3646 1805 3697 ἐπι-

208 3731 376 3802 ϐουλῇ
428 3734 786 3787 κατασκοπεῖ.
843 3733 991 3796 Καὶ,
1045 3750 1063 3783 ι
1125 3732 1243 3785 Ἵνα
1313 3734 1460 3803 ἡμᾶς
1533 3734 1800 3787 καταδουο

208 3824 513 3889 λώσωνται,
548 3844 566 3877 ι
603 3824 787 3895 φησίν,
832 3826 893 3877 Ol
944 3824 1044 3893 μὲν
1090 3825 1198 3894 γὰρ
1228 3825 1375 3894 ἀμφὶ
1423 3826 1629 3896 Πέτρον
1680 3844 1804 3880 συν·

212 3917 456 3989 εχὼρουν
478 3919 577 3988 τὴν
615 3918 937 3987 περιτομὴν,
960 3917 1045 3970 ἵνα
1070 3918 1211 3971 κατὰ
1236 3920 1431 3988 μικρὸν
1458 3919 1802 3984 ὑποκλέψωσι

214 4010 318 4077 τῆς
350 4008 593 4071 δουλείας
618 4007 713 4061 τοῦ
742 4008 908 4079 νόμου
930 4025 943 4039 ·
981 4003 1125 4063 οὗτοι
1152 4010 1228 4061 δὲ.
1259 4010 1347 4064 ἵνα
1382 4009 1806 4064 καταδουλώσω-

215 4116 321 4153 σιν.
354 4119 371 4152 ι
401 4095 497 4163 Οἷς
524 4099 645 4154 οὑδὲ
689 4099 825 4172 πρὸς
856 4100 1007 4171 ὥραν
1033 4100 1276 4172 εἴξαμεν.
1310 4120 1329 4155 ι
1364 4101 1462 4154 Διά
1493 4102 1670 4167 τοῦτο,
1701 4121 1804 4173 φη-

219 4197 328 4257 σὶν,
358 4196 459 4250 οὐκ
491 4197 716 4266 εἴξαμεν
751 4197 933 4250 αὑτῶν
968 4200 1033 4268 τῇ
1084 4200 1353 4269 ὑποταγῇ,
1391 4198 1476 4250 ἴνα
1507 4198 1540 4267 ή
1571 4198 1803 4269 ἀλήθεια

212 4288 309 4341 τοῦ
342 4288 710 4361 κηρυχθέντος
744 4290 876 4361 παρ’
902 4290 1037 4359 ἐμοῦ
1083 4289 1219 4361 πρὸς
1256 4289 1401 4358 ὑμᾶς
1441 4290 1799 4358 Εὑαγγελίου,

219 4378 381 4451 μείνῃ
402 4380 698 4442 ἀσάλευτος
734 4382 827 4434 καὶ⁵
852 4379 1065 4449 βεϐαία.
1086 4380 1182 4444 Τίς
1204 4380 1261 4435 δὲ
1287 4383 1320 4450 ἠ
1349 4380 1576 4451 ἀλήθεια
1597 4380 1762 4433 αὑτοῦ
1784 4399 1798 4447 ;

221 4489 241 4522 ι
281 4472 361 4523 Τὰ
388 4471 588 4541 ἀρχαῖα
633 4472 905 4542 παρῆλθε,
940 4473 1034 4527 καί
1071 4473 1233 4536 εἴτις
1283 4473 1341 4526 ὲν
1384 4473 1605 4542 Χριστῷ
1637 4472 1801 4544 καινὴ

215 4562 415 4625 κτίσις.
451 4582 471 4615 ι
532 4564 644 4617 Καὶ
683 4565 765 4619 ὅτι
797 4565 924 4627 τοὺς
974 4565 1501 4636 περιτεμνομὲνους,
1558 4565 1791 4633 Χριστὸς
1823 4547 1871 4606 D

215 4655 369 4708 οὐδὲν
410 4654 705 4727 ὠφελήσει.
747 4676 765 4708 ι
797 4658 876 4727 Τῇ
909 4658 1211 4728 ὑποταγῇ.»
1244 4658 1358 4711 Οὐκ
1406 4653 1559 4723 εἷπε,
1592 4657 1670 4726 Τῇ
1710 4657 1791 4710 δι-

213 4748 376 4818 δαχῇ,
426 4748 582 4814 ἀλλὰ,
626 4767 645 4801 ι
679 4749 758 4819 Τῇ
799 4750 1072 4820 ὑποταγῇ,
1114 4767 1132 4800 ι
1167 4748 1342 4815 δηλῶν
1387 4748 1583 4811 αὐτοὺς
1635 4765 1800 4800 σπου-

215 4840 402 4905 δάζειν
441 4841 710 4908 ὑποτάξαι
745 4842 841 4896 καὶ
876 4841 1284 4896 καταδουλῶσαι
1320 4842 1483 4897 πάλιν
1513 4840 1587 4911 τῷ
1619 4842 1792 4913 νόμῳ.

1904 3280 2150 3339 Judaicis
2178 3287 2673 3345 observationibus.
2709 3291 2806 3347 llis
2844 3294 2989 3347 enim
3047 3310 3154 3350 non
3190 3295 3373 3360 subdi,
3435 3294 3498 3348 li-

1906 3373 2175 3430 bertatem
2201 3378 2360 3432 dicit.
2397 3379 2532 3436 Vide
2570 3391 2754 3437 autem
2791 3385 3068 3453 quomodo
3117 3385 3269 3454 ipsos
3301 3395 3493 3441 osten-

1905 3464 2047 3520 derit
2104 3483 2229 3522 esse
2264 3469 2452 3527 hostes
2474 3483 2527 3527 et
2577 3474 2643 3528 ad
2676 3477 3083 3545 corruptionem
3116 3477 3241 3532 ﬁdei
3295 3477 3490 3533 subin-

1906 3572 2145 3627 gressos.
2167 3560 2410 3615 Primum
2432 3580 2525 3631 per
2543 3567 2647 3618 hoc
2666 3566 2809 3634 quod
2830 3568 2925 3631 ait,
2949 3568 3483 3635 «Subintroierant,»

1910 3649 2169 3706 latentem
2200 3668 2263 3708 ac
2295 3656 2624 3710 insidiosum
2679 3658 2989 3727 ingressum
3035 3660 3355 3731 signiﬁcans
3388 3678 3402 3715 :
3437 3670 3493 3718 et

1910 3756 2008 3810 per
2044 3741 2147 3795 hoc
2175 3748 2320 3813 quod
2353 3745 2512 3815 dixit,
2550 3766 2567 3799 ι
2610 3750 2686 3801 Ad
2722 3750 3143 3819 explorandum.
3182 3752 3493 3822 r'Explora-

1909 3838 1996 3885 tor
2061 3835 2207 3887 enim
2270 3836 2337 3889 ad
2404 3835 2795 3893 documentum
2836 3851 2892 3897 et
2958 3842 3192 3897 insidias
3219 3844 3489 3913 explorat.

1904 3920 2193 3988 Praeterea,
2223 3935 2283 3979 ut
2311 3942 2432 3991 nos,
2470 3929 2667 3998 inquit.
2723 3931 2775 3984 in
2810 3932 3131 3987 servitutem
3151 3932 3488 4003 adigerent.»

1910 4012 2190 4084 Siquidem
2232 4016 2426 4073 Petrus
2444 4034 2506 4073 ac
2535 4022 2717 4074 caeteri
2744 4024 2980 4091 apostoli
3006 4024 3491 4082 circumcisionem

1905 4110 2283 4163 concedebant
2350 4122 2409 4164 ut
2460 4114 2721 4179 paulatim
2764 4115 2897 4185 legis
2956 4119 3274 4172 servitutem
3333 4118 3491 4173 falle-

1906 4208 2047 4263 rent,
2076 4201 2127 4254 hi
2151 4218 2278 4256 vero
2314 4211 2369 4256 ut
2391 4205 2440 4256 in
2476 4206 2802 4261 servitutem
2835 4209 3137 4279 adigerent.
3166 4209 3492 4276 (Quibusue

1902 4292 1968 4345 ad
1994 4292 2182 4346 horam
2216 4294 2436 4363 quidem
2465 4298 2791 4351 cessimus.»
2818 4299 3132 4367 Propterea,
3159 4301 3354 4370 inquit,
3380 4318 3489 4357 non

1902 4385 2172 4440 cessimus
2199 4385 2442 4455 ipsorum
2498 4388 2853 4458 subjectioni,
2907 4393 3184 4447 utveritas
3210 4392 3491 4463 przedicati

1906 4489 2004 4543 per
2045 4492 2130 4530 me
2153 4478 2294 4547 apud
2330 4495 2425 4532 vos
2447 4480 2725 4550 Evangelii
2755 4492 3003 4537 maneret
3065 4484 3399 4540 inconcussa
3425 4501 3491 4540 ac

1901 4569 2226 4635 lirma.Qua2
2255 4580 2341 4626 est
2361 4581 2540 4626 autem
2561 4574 2764 4629 veritas
2794 4576 3013 4645 ipsius?
3038 4595 3056 4628 ι
3090 4573 3282 4633 Vetera
3305 4588 3487 4635 trans-

1906 4660 2202 4729 ierunt;si
2265 4663 2388 4733 quis
2448 4665 2579 4720 vivit
2634 4666 2687 4719 in
2738 4665 2984 4735 Christo,
3031 4682 3168 4723 nova
3233 4680 3485 4724 creatura

1906 4755 2054 4814 est‘,
2093 4771 2113 4804 ι
2172 4756 2389 4822 etquod
2441 4755 2524 4809 eis
2568 4757 2662 4826 qui
2700 4758 3196 4824 circumciduntur,
3230 4761 3486 4815 Christus

1912 4843 2049 4897 nihil
2071 4846 2314 4913 prodest.
2356 4865 2374 4898 ι
2415 4846 2779 4915 Subjcctioni.
2817 4868 2835 4900 ›
2861 4848 2975 4904 Non
2998 4850 3156 4915 dixit,
3188 4851 3481 4918 Doctrinae,

219 4934 340 4999 sed,
373 4953 392 4987 ι
438 4936 816 5007 Subiectioni;
853 4955 871 4989 ι
908 4936 1228 5008 signiﬁcans
1260 4937 1411 5008 ipsos
1445 4937 1511 4991 ad
1553 4937 1656 4991 hoc.
1698 4939 1795 4992 niti
1840 4946 1896 4992 ut
1933 4956 2153 4994 rursum
2186 4943 2526 5013 subjicercnt
2569 4959 2633 4999 ac
2707 4945 2760 4999 in
2817 4947 3139 5003 servitutem
3205 4949 3488 5020 adigerent

217 5026 324 5082 sub
358 5028 495 5095 lege.

302 5121 449 5175 Ἀπὸ
496 5120 564 5172 δὲ
596 5119 716 5173 τῶν
757 5119 1102 5174 δοκούντων
1127 5116 1283 5174 εἷναί
1315 5137 1388 5183 τι,
1434 5119 1630 5173 ὁποῖοί
1659 5135 1803 5175 ποτε

217 5210 403 5280 ἦσαν,
445 5212 627 5266 οὐδέν
659 5230 762 5281 μοι
806 5210 1092 5281 διαφέρει.
1139 5212 1470 5279 Πρόσωπον
1500 5210 1646 5278 Θεὸς
1700 5214 1804 5268 ἀν-

220 5307 459 5374 θρώπου
511 5306 583 5359 οὐ
635 5303 944 5374 λαμϐάνει.
1003 5305 1157 5373 Ἐμοί
1194 5304 1307 5373 γὰρ
1356 5307 1409 5358 οι
1455 5304 1798 5370 δοκοῦντες,

219 5399 404 5451 οὐδὲν
433 5399 897 5465 προσανέθεντο,
939 5397 1103 5453 ἀλλὰ
1150 5399 1538 5462 τούναντίον,
1578 5398 1802 5464 ειδότες

220 5490 311 5543 ὅτι
337 5491 734 5560 πεπίστευμαι
762 5491 827 5544 τὸ
845 5490 1212 5560 Εὐαηένὶιον
1240 5489 1351 5559 τῆς
1378 5491 1798 5557 ἀκροϐυστίας,

220 5582 419 5647 καθὼς
457 5580 677 5649 Πέτρος
706 5582 817 5649 τῆς
847 5579 1192 5652 περιτομῆς.
1235 5582 1296 5635 Ὀ
1327 5580 1435 5651 γὰρ
1466 5581 1803 5653 ἐνεργήσας

221 5673 425 5740 Πέτρῳ
454 5676 542 5740 εις
561 5674 922 5743 ἀποστολὴν
957 5673 1065 5746 τῆς
1112 5674 1451 5747 περιτομῆς,
1501 5678 1802 5747 ἐνήργησε

222 5767 319 5821 ’καὶ
350 5768 478 5829 ἐμοὶ
508 5769 592 5833 είς
624 5768 692 5819 τὰ
721 5770 885 5833 ἔθνη.

294 5883 316 5915 ³
353 5881 394 5934 ΙΙ
428 5883 550 5935 Cur.
580 5900 630 5947 ν,
675 5884 749 5936 17.

1986 5123 2053 5189 ll,
2079 5124 2199 5178 6-8.
2234 5124 2308 5177 Ab
2331 5124 2397 5176 iis
2430 5132 2607 5177 autem
2640 5124 2734 5193 qui
2757 5122 3072 5177 videbantur
3122 5122 3327 5191 aliquid
3376 5139 3490 5178 esse

1909 5219 2091 5288 quales
2116 5217 2404 5288 aliquando
2428 5217 2626 5286 fuerint
2654 5217 2785 5270 nihil
2822 5232 2935 5270 mea
2966 5215 3145 5282 refert.
3197 5214 3487 5270 Personam

1909 5313 2137 5366 hominis
2172 5310 2306 5365 Deus
2337 5328 2441 5365 non
2477 5311 2689 5379 accipit.
2725 5308 2868 5361 Nam
2896 5309 3026 5360 mihi
3055 5309 3144 5377 qui
3179 5308 3487 5362 videbantur

1908 5421 2020 5459 esse
2064 5405 2118 5457 in
2141 5404 2332 5471 pretio,
2358 5402 2492 5455 nihil
2535 5401 2892 5458 contulerunt.
2946 5398 3057 5454 Ima
3100 5410 3310 5465 contra,
3364 5414 3485 5452 cum

1910 5497 2159 5552 vidissent
2194 5496 2322 5549 mihi
2353 5495 2711 5549 concreditum
2779 5494 2940 5561 fuisse
2970 5490 3314 5563 Evangelium
3346 5507 3485 5560 prae-

1909 5590 2067 5654 putii,
2123 5587 2566 5658 quemadmodum
2640 5587 2797 5641 Petro
2856 5586 3293 5642 circumcisiunis.
3336 5582 3483 5639 Nam

1911 5683 2000 5750 qui
2022 5681 2205 5750 efﬁcax
2240 5681 2341 5751 fuit
2371 5680 2531 5735 Petro
2567 5679 2636 5734 ad
2656 5680 3013 5749 apostolatum
3038 5676 3479 5742 circumcisionis,

1909 5774 2090 5842 efficax
2115 5774 2214 5843 fuit
2234 5783 2283 5829 et
2304 5774 2355 5827 in
2383 5789 2463 5829 me
2476 5789 2600 5844 erga
2624 5780 2817 5843 gentes.
