4192 6458
727 396 864 463 1107

1827 396 2223 457 (ECUMENII
2260 396 2355 455 TR
2370 396 2550 456 ICCE
2586 392 2927 454 EPISCOPI

3853 391 3984 455 1108

796 512 855 566 Si
909 510 1084 580 palam
1142 506 1373 562 dixisset
1444 507 1645 561 Paulus
1699 508 1846 577 quod
1899 509 2297 579 dispensator-ie

2482 510 2543 562 Εἰ
2580 508 2834 577 φανερῶς
2874 502 3026 559 εἶπεν
3054 507 3081 559 ὁ
3126 505 3337 567 Παῦλος
3380 505 3462 559 ὅτι
3492 506 3856 575 οἰκονομικῶς
3886 509 3982 573 τὴν

724 598 1203 655 circumcisionem
1230 601 1613 659 concederent.
1645 599 2035 655 discessissent
2064 601 2130 655 ab
2168 600 2304 670 ipsis

726 693 911 746 fideles
940 705 1004 742 ex
1035 686 1240 743 Judzeis
1273 690 1364 759 qui
1390 690 1816 745 circumcisione
1852 691 2183 759 gaudebant,
2238 708 2304 747 eo

720 781 861 850 quod
887 795 992 833 non
1020 780 1073 834 in
1100 780 1328 834 veritate
1374 781 1542 852 728
1606 784 1953 851 susciperent
2015 783 2303 837 circumci-

718 876 948 934 sionem,
967 874 1058 928 sed
1076 874 1481 939 dispensatiOne
1496 873 1728 939 quadam
1745 881 1797 926 et
1815 872 2298 927 condescensione.

719 963 928 1019 Idcirco
953 982 1059 1020 non
1094 964 1301 1034 detegit
1351 978 1494 1017 nunc
1546 964 1747 1017 Paulus
1805 964 2299 1034 dispensationem,

718 1058 811 1109 sed
832 1058 938 1110 alio
961 1058 1120 1111 modo
1145 1066 1342 1111 tractat
1365 1065 1543 1108 astute
1563 1071 1891 1120 sermonem,
1911 1066 2170 1124 tanquam
2191 1056 2304 1111 bel-

718 1150 830 1203 lum
860 1166 983 1203 cum
1011 1150 1171 1204 Petro
1204 1167 1263 1205 ac
1293 1150 1508 1205 caeteris
1535 1150 1873 1215 susciperet;
1910 1150 2037 1219 quia
2072 1149 2199 1213 Deo,
2223 1150 2304 1202 in-

716 1243 853 1311 quit.
875 1242 1305 1312 pra-dicationtis
1329 1258 1439 1296 suae
1454 1244 1720 1295 rationem
1736 1242 1945 1295 dabunt
1991 1242 2103 1295 Hoc
2121 1251 2299 1295 autem

720 1343 946 1403 propter
1011 1336 1228 1389 illorum
1280 1335 1728 1389 imbecillitatem.
1784 1352 1801 1383 ι
1836 1333 1967 1387 Esse
1998 1332 2227 1401 aliquid.
2277 1351 2294 1384 ι

713 1425 797 1475 Ab
832 1425 916 1479 his
944 1425 1035 1493 qui
1072 1427 1252 1495 magni
1278 1441 1403 1479 esse
1434 1426 1785 1484 videbantur,
1818 1439 2015 1492 nempe
2047 1423 2209 1477 Petro
2235 1439 2297 1477 ac

714 1514 929 1566 caeteris
968 1516 1195 1583 -qualcs
1248 1514 1544 1583 aliquando
1590 1513 1816 1576 fuerint,
1864 1514 1979 1567 sive
2029 1512 2138 1566 Deo
2184 1514 2300 1581 pla-

714 1609 875 1653 ceant
915 1603 1029 1655 sive
1060 1619 1191 1664 non,
1223 1618 1289 1656 eo
1332 1603 1475 1671 quod
1542 1601 2037 1654 circumcisionem
2082 1602 2300 1668 permit-

715 1700 856 1752 t-ant,
889 1692 1046 1754 nihil,
1079 1692 1273 1761 inquit,
1308 1707 1424 1746 mea
1461 1690 1651 1751 refert,
1674 1692 1788 1745 scio
1805 1691 1947 1744 enim
1971 1690 2115 1758 quod
2143 1691 2297 1760 quis-

713 1798 818 1848 que
854 1780 962 1835 Deo
998 1783 1265 1837 rationem
1302 1783 1508 1845 reddet,
1542 1794 1595 1837 et
1639 1783 1780 1836 Deus
1817 1797 2167 1852 nequaquam
2202 1797 2297 1837 eos

715 1875 1604 1946 verebiturquanquamcoryphcei
1632 1878 1779 1941 sint;
1814 1891 1936 1929 nam
1968 1877 2294 1931 «Personam

715 1967 955 2022 hominis
981 1967 1121 2022 Deus
1143 1970 1479 2039 uouaccipit.
1497 1987 1513 2020 ι
1546 1968 1657 2022 Hoc
1679 1979 1858 2023 autem
1881 1978 1937 2023 ut
1958 1970 2163 2023 dictum
2190 1979 2293 2035 est,

715 2060 972 2126 superius
1000 2060 1412 2115 manifestatum
1439 2070 1543 2116 est.
1580 2080 1598 2111 ι
1634 2060 1837 2126 Quales
1863 2062 2158 2130 aliquando
2182 2061 2298 2115 fue-

717 2155 844 2206 riut.
872 2174 889 2205 ι
924 2155 1175 2209 USIendit
1203 2155 1353 2225 ipsos
1384 2170 1600 2226 quoque
1632 2156 1742 2223 jam
1777 2170 2027 2210 cessasse
2054 2170 2122 2209 ne
2174 2154 2295 2209 dis-

716 2244 995 2308 pensatire
1014 2243 1491 2297 circumcisionem
1518 2245 1757 2313 amplius
1774 2245 2160 2297 concederent.
2183 2242 2293 2295 Ne-

712 2351 820 2401 que
842 2335 985 2389 enim
1018 2335 1179 2400 dixit,
1200 2334 1401 2401 Quales
1433 2338 1565 2397 sint,
1588 2337 1704 2400 sed,
1735 2355 1751 2382 ο
1774 2338 1973 2401 Quales
2000 2336 2293 2405 aliquando

717 2416 1222 2481 [uariata—«Nam
1257 2428 1387 2481 mihi
1419 2428 1510 2497 qui
1546 2429 1868 2481 videbantur
1891 2444 2012 2482 esse
2043 2429 2095 2481 in
2122 2430 2294 2498 pretio

717 2519 851 2573 nihil
879 2521 1251 2574 contulerunt.
1295 2539 1313 2572 ι
1349 2519 1510 2575 Juxta
1566 2522 1669 2574 hoc
1714 2530 1893 2574 autem
1950 2522 2026 2573 ait
2076 2539 2087 2574 :
2150 2520 2294 2574 Nihil

718 2610 886 2664 refert
906 2610 973 2664 de
1006 2611 1089 2665 his
1131 2627 1255 2681 qua:
1289 2616 1439 2666 circa
1475 2628 1570 2666 eos
1597 2622 1725 2666 sunt
1760 2630 1775 2667 ι
1820 2613 2077 2681 quoniam
2108 2612 2292 2665 audita

717 2703 934 2757 interim
968 2719 1085 2758 mea
1121 2705 1531 2773 prmdicatione,
1562 2706 1692 2757 nihil
1735 2714 1828 2756 aut
1854 2703 2292 2758 addideruntaut

713 2795 1091 2851 detraxerunt.
1132 2794 1235 2849 Eos
1260 2810 1439 2850 autem
1476 2797 1565 2864 qui
1594 2797 1787 2850 essein
1823 2797 1996 2865 pretio
2034 2797 2294 2851 videban—

716 2893 829 2949 tur,
860 2884 911 2937 id
943 2894 1027 2939 est
1048 2901 1173 2939 vere
1205 2903 1433 2957 magnos
1468 2888 1622 2951 dicit,
1653 2903 1845 2955 nempe
1869 2885 2084 2940 Petrmu
2116 2894 2169 2939 et
2195 2888 2289 2955 qui

714 2993 837 3030 cum
866 2992 932 3032 eo
958 2988 1136 3032 erant.
1195 2997 1215 3028 σ
1251 2978 1363 3033 luto
1390 2987 1600 3032 centra.
1643 2996 1660 3028 ι
1713 2976 1827 3031 Νοη
1857 2978 2057 3040 solum,
2090 2978 2289 3046 inquit,

716 3070 854 3123 nihil
886 3080 1253 3125 correxerunt
1288 3072 1339 3123 in
1365 3086 1482 3123 mea
1513 3070 1925 3139 pratdicatione,
1958 3070 2051 3123 sed
2100 3080 2289 3124 contra

2412 598 2712 669 περιτομὴν
2756 597 3147 668 συγχωροῦσιν.
3180 598 3557 667 ἀπεφοίτησαν
3598 597 3664 649 ἂν
3716 599 3897 651 αὐτῶν
3937 602 3982 650 εἰ

2408 695 2471 761 τῇ
2502 694 2772 762 περιτομῇ
2804 691 3080 762 χαίροντες
3121 689 3182 754 ἐξ
3215 689 3486 743 Ἰουδαίων
3542 690 3749 752 πιστοὶ,
3793 692 3877 741 ὃτι
3910 692 3981 759 μὴ

2406 786 2471 853 τῇ
2500 783 2733 853 ἀληθεία
2767 783 3013 852 ἐδέχοντο
3053 782 3150 853 τὴν
3195 783 3517 853 περιτομὴν,
3555 782 3670 834 ἀλλ’
3701 783 3983 851 οἰκοωμέα

2408 875 2502 926 καὶ
2535 874 2967 942 συγκαταϐἀσει.
2999 872 3162 925 Ὅθεν
3195 874 3295 927 οὐκ
3336 874 3710 931 ἀνακαλύπτει
3751 873 3847 926 νῦν
3886 876 3984 941 τὴν

2406 967 2721 1035 οἰκονομίαν
2745 966 2773 1018 ὁ
2811 966 3045 1027 Παῦλος.
3064 965 3274 1028 Ἄλλως
3293 966 3349 1019 δὲ
3380 965 3656 1035 μεθοδεύει
3684 967 3777 1019 τὸν
3804 968 3981 1035 λόγον,

2406 1057 2481 1118 ὡς
2515 1057 2580 1109 ἂν
2626 1056 3044 1126 ἀπομαχόμενος
3075 1059 3187 1119 τοῖς
3217 1057 3344 1127 περὶ
3383 1058 3608 1128 Πέτρον,
3644 1057 3799 1120 Ὅτι,
3827 1060 3981 1125 φησὶ,

2407 1148 2560 1214 λόγον
2593 1147 2856 1200 δώσουσιν
2889 1142 2965 1204 ὧν
2998 1151 3339 1219 κηρύσσουσι
3391 1149 3533 1217 Θεῷ·
3583 1149 3741 1203 τοῦτο
3789 1150 3847 1203 δὲ
3899 1150 3985 1202 δια

2404 1239 2503 1307 τὴν
2548 1238 2773 1291 ἐκείνων
2805 1238 3110 1291 ἀσθένειαν.
3156 1258 3175 1290 ‹
3203 1236 3357 1292 Εἶναι
3384 1238 3454 1291 τί.
3493 1259 3512 1291 ι
3568 1243 3699 1293 Ἀπὸ
3743 1243 3854 1293 τῶν
3900 1242 3985 1293 60-

2406 1331 2649 1384 κούντων
2701 1328 2838 1384 εἶναι
2900 1330 3171 1400 μεγάλων,
3215 1331 3326 1383 τῶν
3366 1331 3510 1400 ἀμφὶ
3547 1332 3775 1400 Πέτρον,
3809 1331 3984 1382 ὁποῖοί

2407 1439 2535 1474 ποτε
2574 1418 2734 1493 ἦσαν,
2771 1422 2879 1474 εἴτε
2907 1421 3329 1489 εὐαρεστοῦντες
3360 1421 3502 1491 Θεῷ,
3542 1422 3652 1474 είτε
3681 1420 3765 1485 οὓ,
3812 1422 3903 1474 διὰ
3928 1422 3988 1472 τὸ

2409 1514 2714 1580 συγχωρεῖν
2765 1510 3097 1581 περιτομὴν,
3150 1510 3280 1578 ἐγὼ,
3311 1513 3499 1579 φησὶν,
3533 1512 3593 1564 οὐ
3630 1511 3984 1582 διαφέρομαι.

2405 1596 2535 1652 Οἶδα
2564 1599 2672 1671 γὰρ
2707 1601 2788 1653 ὅτι
2818 1600 2977 1668 λόγον
3009 1602 3240 1664 ἕκαστος
3277 1602 3439 1654 δώσει
3468 1603 3605 1672 Θεῷ,
3653 1602 3750 1655 καὶ
3787 1604 3848 1653 οὗ
3882 1602 3985 1654 κᾶν

2405 1693 2603 1755 αὐτοὺς
2633 1693 2662 1744 ὁ
2690 1690 2825 1755 Θεὸς
2854 1691 3170 1763 ἐρυθριάσοι
3202 1692 3292 1745 διὰ
3332 1693 3389 1745 τὸ
3431 1688 3570 1745 εἶναι
3613 1692 3943 1761 κορυφαίους
3968 1708 3981 1719 ·

2411 1784 2737 1853 «Πρόσωπον
2767 1791 2878 1854 γαρ
2894 1782 3026 1847 Θεὸς
3045 1782 3337 1853 ἀνθρώπου
3366 1785 3427 1836 οὐ
3458 1784 3741 1855 λαμϐάνει.
3760 1802 3777 1833 ι
3815 1783 3987 1835 Τοῦτο

2400 1875 2457 1926 δὲ
2507 1877 2655 1937 ὅπως
2708 1875 2925 1944 εἴρηται
2960 1915 2975 1939 ,
3032 1875 3145 1928 ἀνω
3196 1876 3659 1945 περιγέγραπται.
3709 1894 3727 1925 ι
3783 1874 3987 1926 ’θποίοί

2402 1986 2533 2021 ποτε
2561 1964 2724 2038 ἦσαν.
2758 1988 2776 2020 ι
2819 1967 3070 2021 Δείκνυσι
3104 1968 3201 2021 καὶ
3230 1969 3445 2031 αὐτοὺς,
3469 1968 3568 2038 ήδη
3597 1968 3987 2036 πεπαυμένους

2402 2062 2497 2114 τοῦ
2532 2062 2893 2131 οἰκονομικῶς
2933 2062 3236 2131 συγχωρεῖν
3282 2062 3608 2130 περιτομήν.
3644 2060 3719 2111 Οὐ
3758 2059 3867 2126 γὰρ
3905 2055 3985 2109 εἷ-

2400 2169 2519 2214 πεν,
2546 2147 2661 2205 Οἷοί
2684 2151 2824 2215 τινές
2847 2154 3003 2215 εἰσιν,
3027 2151 3164 2216 ἀλλ’,
3199 2171 3216 2201 ι
3240 2150 3445 2205 Ὀποίοί
3473 2167 3600 2203 ποτε
3618 2146 3805 2219 ἦσαν..
3834 2150 3990 2216 Ἐμοὶ

2397 2243 2506 2311 γὰρ
2533 2242 2583 2293 οἱ
2625 2240 2930 2303 δοκοῦντες,
2960 2242 3111 2293 οὐδὲν
3143 2242 3560 2310 προσανέθεντο.
3582 2260 3600 2292 ι
3639 2242 3794 2293 Κατά
3826 2239 3987 2291 τοῦτο

2397 2330 2475 2390 δὲ’
2504 2336 2693 2401 φησὶν.
2730 2331 2790 2383 οὐ
2828 2331 3078 2401 διαφέρει
3104 2330 3172 2382 τά
3202 2331 3332 2401 παρ’
3368 2331 3571 2394 αὐτῶν,
3599 2332 3681 2383 ὅτι
3721 2332 3855 2392 τέως
3890 2332 3983 2381 τοῦ

2399 2422 2535 2491 ἐμοῦ
2568 2423 2926 2491 κηρύγματος
2960 2422 3317 2487 ἀκούσαντες,
3345 2423 3498 2476 οῦδὲν
3539 2423 3570 2492 ἦ
3611 2422 3982 2491 προσέθηκα-ι,

2398 2514 2430 2582 ἢ
2484 2513 2704 2582 ἀφεῖλον
2725 2532 2739 2547 ο
2790 2514 3084 2578 δοκοῦντας
3114 2514 3192 2581 δὲ,
3225 2509 3336 2567 οἷον
3372 2514 3643 2585 μεγάλους
3696 2516 3789 2566 κα“ι
3822 2516 3985 2575 ὂντας

2396 2607 2522 2667 τοὺς
2579 2606 2707 2675 περὶ
2760 2607 2971 2675 Πέτρον
3002 2608 3192 2675 φησίν.
3229 2625 3251 2659 ι
3286 2606 3445 2660 ’Δλλά
3474 2608 3803 2660 τούναντίον.
3843 2626 3861 2658 ι
3904 2608 3982 2658 Ub

2401 2699 2581 2767 μόνον,
2644 2699 3012 2767 φησὶν,οὺδὲν
3074 2698 3390 2769 διώρθωσαν
3450 2700 3545 2753 τοῦ
3616 2700 3749 2767 ἐμοῦ
3811 2701 3986 2768 κηρῦο

2398 2809 2628 2859 γματος.
2661 2791 2796 2845 ἀλλὰ
2834 2793 3175 2859 τούναντίον,
3203 2794 3298 2847 καὶ
3332 2793 3625 2863 ἐπῄνεσα-ι.
3671 2794 3730 2845 'll
3763 2794 3819 2845 δὲ
3858 2795 3985 2845 σῦν-

2395 2883 2551 2946 ταξις
2571 2883 2731 2952 αῦτη·
2760 2902 2778 2935 ι
2801 2885 2965 2937 Ἀλλὰ
2991 2885 3320 2949 τούναντίον,
3355 2887 3555 2947 ἰδόντες
3585 2888 3664 2938 ὅτι
3690 2888 3989 2937 πεπίστευ-

2403 2992 2503 3045 μαι
2541 2975 2601 3026 τὸ
2636 2975 2969 3042 Εὐαγγέλιον
3024 2979 3120 3044 τῆς
3168 2976 3567 3046 ἀκροϐυστίας,
3604 2996 3622 3028 ι
3658 2980 3688 3045 ἡ
3726 2977 3986 3039 ἀπόδοσις

2354 3116 2363 3126 ,
2403 3065 2537 3133 μετά
2563 3081 2601 3114 π
2635 3065 2752 3127 λλὰ,
2782 3064 3021 3128 «Δεξιὰς,
3051 3066 3235 3134 φησὶν,
3260 3066 3701 3134 εδιυκανὲροίκαὶ
3725 3066 3989 3135 Βαρνάϐα

715 3163 880 3215 etiam
918 3162 1302 3216 laudaverunt.
1334 3162 1422 3215 E5!
1457 3174 1636 3215 autem
1671 3163 1861 3214 litterae
1906 3161 2295 3215 ordinatiohu-

2407 3174 2438 3207 κ
2476 3157 2744 3218 ινωνίας.»
2768 3156 2939 3209 Τοῦτο
2971 3156 3194 3224 οῦνςέστι
3218 3158 3313 3210 τοῦ
3345 3158 3705 3229 διορθωθῆναι
3732 3159 3795 3210 τὸ
3825 3159 3984 3210 ἐναν-

711 3250 951 3319 jusntodi
992 3269 1006 3305 :
1044 3249 1189 3305 ιιιιιο
1213 3262 1405 3305 contra
1434 3268 1445 3303 :
1476 3267 1598 3303 eum
1634 3252 1897 3304 Vidissent
1919 3250 2293 3301 concreditum

717 3340 888 3395 fuisse
922 3341 1052 3393 mihi
1090 3340 1443 3406 Evattgclitltu
1484 3340 1755 3407 pra-ptttii,
1785 3357 1800 3387 ι
1833 3350 1949 3405 post
1987 3340 2151 3389 multa
2194 3352 2296 3391 suo

719 3432 895 3485 leuori
934 3432 1184 3485 redditur
1215 3432 1414 3492 oratio,
1465 3450 1481 3481 ι
1515 3429 1743 3483 Dextras
1781 3430 2049 3482 ιιυιίι-ιυιιι
2076 3430 2205 3481 mihi
2241 3436 2296 3482 et

718 3523 982 3576 Barnaba:
1013 3522 1315 3577 societatis.
1349 3540 1366 3572 ι
1403 3521 1512 3573 lloc
1545 3523 1709 3591 igitur
1742 3531 1950 3573 tantum
2000 3521 2191 3580 abfuit,
2238 3530 2296 3574 ut

717 3616 1091 3681 corrige-retur
1114 3617 1216 3667 mei
1253 3614 1591 3682 praedicatio,
1629 3624 1686 3665 ut
1733 3614 1898 3665 etiam
1928 3614 2151 3665 dcxtras
2204 3628 2296 3665 so-

716 3708 1291 3775 eietatisaccipereut,
1330 3707 1473 3772 quod
1510 3705 1771 3757 indicium
1829 3713 1913 3758 est
1967 3719 2051 3757 me
2104 3718 2294 3758 eorum

717 3798 1157 3867 praedicationem
1190 3796 1489 3865 suscipere.
1548 3818 1563 3842 ι
1609 3795 1959 3864 Eraugeliuni
1992 3794 2294 3863 pra-pntie,‘

718 3890 772 3943 id
809 3898 915 3954 est,
965 3889 1209 3959 gentium
1268 3888 1721 3957 przeputiatarum
1778 3888 1893 3940 sire
1947 3886 2299 3941 incircumci-

718 3998 926 4037 saruni.
957 3980 1256 4035 Considera
1304 3989 1483 4033 autem
1517 3979 1792 4049 quomodo
1839 3980 2080 4049 seipsum
2138 3978 2299 4035 Petro

720 4074 985 4141 aequalem
1012 4071 1174 4125 faciat
1205 4090 1217 4124 :
1252 4087 1376 4126 nam
1405 4072 1507 4125 hoc
1541 4086 1685 4125 nunc
1728 4087 1869 4142 opus
1899 4084 2015 4125 erat
2060 4087 2169 4141 quo
2195 4071 2301 4124 Ga-

718 4168 846 4219 latis
883 4164 986 4218 fide
1034 4164 1235 4233 dignus
1278 4178 1400 4217 esse
1422 4164 1721 4217 videretur.
1763 4182 1781 4215 ι
1828 4162 2298 4228 Quemadmodum

718 4257 899 4311 Petro.
928 4275 947 4308 ι
979 4256 1035 4311 Si
1069 4257 1303 4311 dixisset
1328 4255 1537 4311 Paulus
1562 4256 1781 4310 Petrum
1822 4264 1878 4310 ct
1932 4266 2157 4310 caeteros
2190 4256 2301 4309 dis-

720 4349 1029 4421 pensatorie
1081 4349 1559 4402 circumcisionem
1606 4363 1849 4410 servare,
1909 4347 2060 4400 visus
2107 4346 2295 4401 fuisset

721 4447 837 4513 ipse
861 4456 1083 4511 quoque
1105 4456 1223 4493 eam
1253 4440 1556 4494 cooeedere
1589 4457 1602 4491 :
1639 4448 1692 4493 et
1720 4439 1794 4491 ita
1821 4445 2079 4492 ostensus
2100 4437 2298 4490 fuisset

2402 3251 2534 3310 τίον,
2569 3248 2629 3300 τὸ
2655 3250 2748 3301 καὶ
2790 3249 2973 3315 δεξιὰς
3004 3250 3209 3313 λαϐεῖν,
3240 3252 3267 3303 ὃ
3296 3247 3362 3322 ἦν
3411 3253 3607 3319 δεῖγμα
3644 3252 3739 3303 τοῦ
3786 3253 3982 3305 ἀποδέ-

2401 3342 2591 3412 χεσθαι
2645 3342 2824 3394 αὐτῶν
2882 3343 2939 3394 τὸ
2989 3344 3271 3413 κήρυγμα.
3316 3363 3335 3394 ‹
3380 3346 3453 3396 Τὸ
3505 3345 3836 3411 Εὑαγγέλιον
3880 3345 3983 3411 τῆς

2400 3433 2789 3502 ἀκροϐυστίας.
2830 3452 2847 3484 ι
2882 3428 3008 3486 Οἷον
3055 3434 3162 3487 τῶν
3212 3436 3567 3504 ἀκροϐυστων
3618 3436 3811 3490 ἐθνῶν.
3841 3438 3985 3505 Ὀρα

2400 3522 2454 3575 δὲ
2492 3523 2607 3584 πῶς
2658 3524 2851 3575 ἑαυτὸν
2906 3524 3075 3588 ἐξισοῖ
3101 3525 3179 3595 τῷ
3232 3528 3441 3596 Πέτρῳ.
3487 3527 3689 3581 Τούτου
3724 3528 3837 3597 γὰρ
3892 3526 3987 3579 νῦν

2399 3615 2559 3683 χρεία
2586 3610 2672 3684 ἦν,
2721 3615 2810 3668 ἵνα
2841 3614 3026 3685 δειχθῇ
3071 3617 3337 3681 Γαλάταις
3370 3618 3707 3682 ἀξιόπιστος.
3738 3637 3757 3669 s
3785 3618 3985 3680 Καθὼς

2403 3709 2629 3778 Πέτρος.
2669 3725 2763 3759 ι-
2785 3707 2985 3780 [ΦΩΤ.]
3018 3710 3080 3761 Εἰ
3097 3705 3289 3762 εἶπενὸ
3314 3710 3519 3773 Παῦλος
3539 3710 3987 3777 κατόἱκονομίαν

2401 3802 2662 3871 πράττειν
2692 3800 2791 3870 τὴν
2828 3802 3134 3870 περιτομὴν
3176 3804 3302 3864 τοὺς
3348 3802 3477 3870 περὶ
3526 3803 3754 3871 Πέτρον,
3806 3801 3987 3864 ἔδοξεν

2402 3892 2464 3943 ἂν
2512 3890 2604 3942 καὶ
2634 3890 2794 3952 αὐτὸς
2820 3889 3027 3960 ταύτην
3060 3893 3387 3959 συγχωρεῖν,
3440 3890 3533 3941 καὶ
3564 3889 3738 3951 οὕτως
3782 3891 3983 3959 μᾶλλον

2404 3983 2712 4050 συντρέχων
2742 3980 3018 4034 ἐδείκνυτο
3048 3980 3135 4045 ἂν,
3164 3978 3244 4043 οἷς
3278 3982 3436 4051 ἔργον
3466 3979 3579 4051 εἶχε
3609 3982 3895 4049 πολεμεῖν.
3924 3981 3985 4032 Ei

2402 4079 2511 4147 γὰρ
2536 4078 2742 4147 Πέτρος
2787 4076 2969 4137 καλῶς
3011 4075 3158 4125 ποιεῖ
3198 4073 3518 4141 συγχωρῶν,
3554 4072 3606 4123 τί
3648 4072 3723 4141 μὴ
3759 4074 3853 4124 καὶ
3884 4075 3983 4137 cui;

2403 4168 2556 4237 φησί.
2588 4168 2651 4218 Τί
2696 4167 2753 4218 δὲ
2801 4168 2895 4230 καὶ
2932 4166 3126 4237 μέμφῃ
3158 4165 3392 4234 πικρῶς,
3439 4163 3506 4231 ἣν
3529 4164 3843 4229 οἰκονομίαν
3883 4182 3983 4215 κα·

2401 4259 2543 4325 λεῖς;
2580 4256 2686 4309 Ἔα
2716 4260 2982 4326 πράττειν
3013 4256 3108 4309 καὶ
3154 4256 3227 4326 μὴ
3260 4256 3508 4323 ἐπιτίμα,
3539 4256 3631 4306 καί
3656 4256 3731 4317 ὠς
3793 4257 3855 4308 ἄν
3906 4274 3985 4308 σοι

2404 4353 2556 4419 φίλον
2622 4348 2855 4419 ὀνόμαζε
2882 4391 2895 4412 ,
2957 4350 3065 4401 εῐτε
3116 4348 3430 4417 οἰκονομίαν
3461 4389 3475 4410 ,
3515 4349 3624 4399 εἴτε
3669 4349 3848 4415 δόγμα
3893 4353 3982 4400 καὶ

2401 4442 2707 4512 ἀκρίϐειαν.
2744 4440 2930 4493 Ταῦτα
2957 4440 3022 4493 ἂν
3052 4442 3143 4492 καὶ
3178 4440 3483 4506 ἐλογίζοντο
3512 4443 3603 4491 καὶ
3626 4440 3815 4506 ἕλε-ιον
3848 4445 3985 4507 πρὶς

721 4536 788 4587 ad
820 4548 915 4588 eos
945 4546 1238 4586 accurrere
1259 4545 1380 4585 cum
1422 4530 1623 4599 quibus
1646 4545 1787 4599 opus
1820 4536 1939 4582 erat
1995 4526 2293 4581 decertare.

2402 4535 2490 4586 τὸν
2519 4533 2748 4592 Παῦλον,
2787 4534 2835 4583 εί
2867 4532 3008 4583 κατὰ
3042 4532 3354 4598 οἰκονομίαν
3380 4526 3503 4583 εἷπε
3554 4534 3677 4583 τοῦς
3722 4534 3853 4599 περὶ
3888 4535 3985 4585 1ιέ-

721 4625 855 4679 Nam
898 4624 944 4678 si
978 4625 1170 4677 Petrus
1202 4630 1351 4675 recte
1382 4623 1493 4690 agit
1537 4620 1905 4683 concedendo,
1946 4634 2046 4672 cur
2080 4634 2183 4671 non
2220 4618 2296 4672 si-

722 4716 926 4769 militer
956 4723 1010 4768 et
1050 4721 1105 4766 tu
1134 4713 1292 4781 agis?
1315 4728 1484 4781 quare
1518 4727 1649 4766 vero
1712 4711 1911 4765 acerbe
1959 4712 2121 4765 etiam
2156 4710 2299 4763 indi-

723 4803 912 4874 gnaris
955 4803 1024 4857 ob
1045 4803 1097 4857 id
1130 4802 1273 4872 quod
1304 4819 1464 4857 rores
1507 4802 1965 4871 dispensationem
1993 4803 2017 4855 ἰ
2056 4802 2175 4856 sine
2201 4818 2299 4857 eos

725 4911 908 4967 agere.
947 4910 1045 4949 nee
1073 4895 1441 4963 reprehendas
1473 4913 1487 4962 ;
1515 4904 1563 4950 et
1584 4896 1741 4963 quasi
1773 4895 1873 4949 tibi
1894 4904 2107 4963 gratum
2131 4904 2296 4960 esset,

727 4999 821 5042 aut
860 4987 1330 5056 dispensationem
1355 4989 1577 5041 nomina
1612 4996 1707 5041 aut
1742 4988 1938 5056 dogma
1975 4987 2088 5039 sive
2112 4996 2299 5041 caute-

726 5082 858 5136 lam.
888 5080 1011 5134 llmc
1036 5095 1170 5135 sane
1220 5088 1273 5133 et
1304 5079 1639 5149 cogitassent
1668 5079 2005 5133 etdixisseut
2036 5079 2300 5133 adversus

730 5172 979 5235 Paulum,
1013 5171 1058 5225 si
1097 5170 1316 5225 Petrum
1336 5186 1458 5224 cum
1484 5171 1603 5225 suis
1636 5170 1870 5225 dixisset
1896 5170 2302 5239 dispensatorie

728 5262 1209 5319 circumcisionem
1278 5261 1580 5329 suscipere.
1643 5261 1807 5331 729
1868 5262 2098 5316 Animus
2156 5263 2300 5314 enim

727 5353 919 5423 quavis
971 5355 1022 5406 in
1072 5370 1131 5409 re
1193 5363 1581 5410 consternatus
1658 5369 1721 5409 ac
1779 5356 2029 5419 territus,
2087 5354 2301 5408 modica

729 5445 1040 5506 occasione,
1076 5458 1415 5514 quaecunque
1441 5445 1531 5499 illa
1557 5444 1626 5499 sit
1655 5460 1775 5514 quae
1806 5461 1864 5500 se
1893 5445 2082 5499 offerat
2102 5484 2117 5507 ,
2151 5460 2304 5499 acce-

733 5545 841 5606 pta,
875 5552 993 5590 eam
1034 5538 1210 5605 magis
1245 5538 1344 5589 sibi
1383 5538 1623 5591 vindicat
1675 5548 1727 5591 et
1774 5538 2143 5606 amplectitur.
2181 5538 2303 5591 Μυο

728 5631 931 5686 Paulus
976 5629 1269 5685 admodum
1305 5631 1579 5699 sapienter
1629 5645 1935 5685 sermonem
1968 5632 2185 5700 quidem
2238 5632 2303 5684 de

728 5722 1132 5789 dispensatione
1157 5722 1381 5779 outnino
1414 5723 1627 5783 reticet,
1662 5724 1771 5776 imo
1836 5722 2047 5777 factum
2110 5740 2303 5792 aspere

738 5814 1141 5887 reprehendit;
1199 5825 1249 5870 et
1316 5822 1577 5885 tanquam
1645 5825 2083 5888 transgressores
2156 5828 2304 5869 erit.»

2400 4642 2527 4693 τρον
2559 4624 2654 4693 τὴν
2683 4624 2989 4693 περιτομὴν
3014 4621 3430 4691 καταδέχεσθαι.
3465 4622 3620 4691 Ψυχὴ
3650 4624 3757 4690 γὰρ
3784 4627 3982 4687 ἐπτοη-

2405 4718 2541 4785 μένη
2580 4716 2709 4785 περί
2741 4733 2815 4777 τι,
2856 4715 3055 4784 μικρᾶς
3106 4714 3199 4765 καὶ
3254 4713 3353 4781 τῆς
3403 4714 3671 4782 τυχούσης
3725 4716 3985 4783 ἀξορμῆς

2401 4808 2698 4878 λαϐομένη,
2732 4810 2894 4862 πλέον
2938 4808 3038 4859 αὐτ
3054 4808 3084 4874 ζ)
3117 4806 3408 4859 οἰκειοῦται
3446 4808 3539 4858 καὶ
3574 4809 3983 4873 περιπλέκεται.

2404 4901 2494 4953 Διὸ
2552 4900 2727 4969 σοφῶς
2761 4900 2899 4966 ἄγαν
2932 4900 2959 4951 ὁ
3001 4897 3210 4959 Παῦλος
3232 4937 3245 4956 ,
3296 4898 3355 4949 τὸ
3389 4897 3485 4965 μὲν
3531 4898 3633 4965 τῆς
3668 4900 3982 4965 οἰκονομίας

2404 4992 2537 5055 ὅλως
2569 4992 2884 5060 ἀποσιωπᾷ,
2937 4989 3176 5058 δριμέως
3210 4989 3267 5042 δὲ
3324 4988 3672 5071 καθάπτεται.
3708 4991 3809 5053 τῆς
3850 4994 3983 5059 τρα-

2406 5083 2562 5148 ξεωῦ
2616 5085 2711 5136 καὶ
2760 5081 2833 5142 ὡς
2893 5079 3343 5149 παρανομοῦντας
3386 5080 3546 5146 δῆθεν
3595 5080 3809 5145 ἑλέγφε.

2406 5176 2889 5243 συγχωρήσαντας,
2928 5172 3015 5223 ἵνα
3054 5171 3130 5239 τῷ
3184 5170 3399 5238 σφοδρῷ
3434 5172 3530 5233 τῆς
3577 5171 3706 5239 περὶ
3744 5173 3985 5233 enim;

3864 5086 3983 5148 τ’)ὺβ

2406 5268 2796 5334 ἐπιτιμήσεως,
2847 5266 2972 5324 τοὺς
3008 5262 3223 5333 ἀληθῶς
3273 5264 3726 5333 παρανομοῦντας
3775 5282 3986 5345 τττοεση

2405 5359 2502 5412 καὶ
2544 5355 2913 5426 διορθώσηται
2980 5355 3070 5406 Διὸ
3124 5355 3217 5406 καὶ
3276 5354 3564 5414 δοκοῦντας
3617 5356 3836 5415 αὐτοὺς,
3896 5360 3990 5405 καί

2407 5447 2915 5516 κατεγνωσμένους,
2949 5446 3041 5497 καὶ
3072 5445 3557 5515 ὑποκρινομένους,
3592 5444 3684 5496 καὶ
3724 5445 3798 5511 μὴ
3832 5445 3987 5508 ὀρεο-

2408 5540 2727 5603 ποδοῦντας,
2751 5540 2812 5590 οῦ
2855 5540 3202 5607 παραιτεῖται
3244 5536 3447 5595 καλεῖν,
3482 5537 3568 5588 ἵνα
3602 5538 3761 5605 μόνον
3802 5537 3863 5587 τὸ
3893 5536 3985 5587 τοῦ

2406 5630 2645 5703 Χριστοῦ
2681 5632 2946 5699 κήρυγμα
2994 5628 3287 5701 βεϐαιώσῃ.
3332 5630 3521 5691 Οῦτως
3556 5630 3807 5697 ἀλλήλοις
3846 5630 3985 5696 ὑπὲρ

2417 5725 2501 5777 τοῦ
2533 5723 2891 5793 κηρύγματος
2931 5722 3216 5793 ἐθάρρουν,
3264 5722 3357 5774 καὶ
3402 5721 3703 5789 τηλικούτῳ
3746 5720 3985 5772 ἐδέδεντο

2411 5815 2712 5883 συνδέσμῳ,
2744 5813 2818 5873 ὡς
2860 5812 3075 5883 δεῆσαν.
3116 5812 3179 5864 ἂν
3210 5810 3351 5863 οὕτω
3384 5812 3539 5881 τύχῃ,
3575 5813 3659 5864 διὰ
3690 5812 3781 5878 τῆς
3826 5809 3958 5885 άλλη
