4192 6458
216 416 354 481 1109

1205 418 1591 481 COMMENT.
1640 420 1716 480 IN
1759 420 1998 481 EPIST.
2036 424 2133 482 AD
2172 424 2438 485 GALAI‘.

3315 426 3457 495 1110

219 525 328 579 λων
352 524 755 594 καταγνώσεως
784 524 876 578 τὸν
904 525 997 578 τοῦ
1028 524 1384 596 κηρύγματος
1408 528 1795 599 κραταιοῦσθαι

1899 531 2078 599 arguit
2110 545 2203 585 eos
2234 534 2323 600 qui
2366 541 2771 598 concesserant,
2799 541 2857 588 ut
2895 534 3236 592 vehementia
3275 539 3456 594 incre-

207 621 385 685 λόγον,
422 619 558 689 μηδὲ
588 617 751 671 τοῦτο
790 620 1197 689 παραιτεῖσθαι.
1227 620 1338 674 Καὶ
1368 620 1454 674 ἵνα
1481 622 1640 675 τοῦτο
1678 622 1781 689 μά-

208 712 309 780 θῃς
348 710 610 780 ἀκριϐῶς,
641 710 855 763 σκόπει·
896 710 1108 774 Παῦλος
1158 711 1249 765 διὰ
1301 712 1410 764 τῶν
1455 712 1783 765 Ἐπιστολῶν

207 802 612 869 καταγινώσκει
639 802 980 869 Πέτρου,’καὶ
1006 802 1207 872 Πέτρος
1228 804 1315 856 διὰ
1337 805 1434 872 τῆς
1460 802 1787 871 Ἐπιστολῆς

207 891 799 961 ὲγκωμιάζειξΠαῦλον,
825 892 1029 955 καὶτὰς
1053 891 1396 955 Ἐπιστολὰς,
1432 894 1623 960 σοφίας
1649 894 1783 946 Θεοῦ

208 983 306 1035 καὶ
337 983 560 1052 χάριτος
590 978 729 1036 εἶναι
755 984 985 1054 πλήρεις
1013 987 1298 1055 μαρτυρεῖ,
1344 985 1437 1036 καὶ
1466 985 1591 1046 τοῦς
1621 987 1787 1053 ἁστηο

210 1074 453 1144 ρίκτους,
494 1074 585 1126 τὸν
628 1076 686 1127 ἐν
738 1077 929 1135 αὑταῖς
958 1077 1347 1147 κεκρυμμένον
1375 1076 1522 1137 νοῦν,
1564 1076 1626 1127 οὑ
1660 1093 1783 1128 συν-

212 1168 375 1231 ιέναι,
406 1167 542 1220 ἀλλὰ
572 1168 666 1221 καὶ
694 1167 1042 1239 διαστρέφειν
1069 1171 1298 1240 ἀναϐοᾷ.
1338 1170 1550 1231 Ἀλλως
1581 1168 1661 1231 δὲ,
1696 1168 1791 1218 καὶ

210 1258 428 1322 Παῦλος
459 1260 600 1329 ὑπὲρ
637 1260 731 1313 τοῦ
768 1262 1126 1331 κηρύγματος
1182 1262 1356 1314 ταῦτα
1406 1262 1533 1331 περὶ
1581 1261 1790 1328 Πέτρου

209 1351 421 1417 λέγων,
472 1354 610 1406 κατᾶ
660 1354 793 1408 πολὺ
836 1356 997 1407 πλέον
1041 1356 1237 1408 ἑαυτοῦ
1302 1354 1555 1423 περιέπει
1600 1351 1791 1403 τοῦτον

206 1445 307 1495 καὶ
334 1446 489 1513 τιμᾷ.
524 1447 589 1498 Τί
629 1447 738 1515 γάρ
769 1449 915 1499 ἐστιν
944 1449 1023 1508 είς
1074 1447 1230 1513 λόγον
1261 1446 1497 1517 ῦσρεως,
1527 1444 1587 1497 τὸ
1614 1444 1789 1495 δοκεῖν

209 1530 309 1582 καὶ
336 1533 411 1601 μὴ
456 1532 789 1604 ὀρθοποδεῖν,
820 1537 955 1604 πρὸς
987 1536 1048 1587 τὸ
1086 1535 1338 1604 ἀνάθεμα
1377 1529 1516 1586 εἶναι
1548 1532 1656 1584 ἀπὸ
1693 1530 1788 1583 τοῦ

208 1620 485 1691 Χριστοῦ;
528 1642 546 1674 ι
574 1625 686 1695 Τῆς
713 1627 1036 1696 περιτομῆς,
1066 1645 1087 1679 s
1114 1623 1249 1690 οἷον,
1282 1628 1391 1679 τῶν
1422 1624 1715 1678 Ἰουδαίων.

1892 621 2127 689 pationis
2154 620 2300 673 circa
2330 622 2472 685 illos,
2502 629 2732 677 terreret
2769 637 2831 675 ac
2881 624 3182 695 corrigeret
3227 640 3322 681 eos
3361 625 3457 696 qui

1895 726 2019 765 vero
2039 723 2472 781 transgressores
2495 722 2651 767 erant
2686 732 2696 767 :
2720 714 2842 769 ideo
2867 730 3080 785 quoque
3098 730 3205 769 non
3239 722 3457 769 veretur

1896 799 2044 867 ipsos
2080 802 2266 855 dicere
2304 802 2452 855 visos
2487 803 2541 855 in
2594 804 2771 872 pretio
2812 819 2955 867 esse,
2995 814 3044 857 et
3096 803 3457 873 reprehensos

1894 904 1959 945 ac
1993 891 2299 958 simulatos,
2348 903 2404 947 et
2463 908 2570 946 non
2597 906 2741 948 recte
2800 896 3130 951 incedentes.
3170 895 3347 949 solum
3398 901 3455 946 ut

1889 981 2090 1036 Christi
2119 986 2555 1051 praedicationem
2588 986 2971 1042 continuaret:
3006 994 3215 1040 tantum
3250 986 3460 1040 ﬁduciae

1891 1075 1960 1129 de
1989 1089 2048 1129 se
2081 1083 2272 1128 mutuo
2294 1091 2459 1145 super
2488 1077 2877 1145 praedicatione
2918 1078 3211 1142 habebant,
3261 1079 3461 1143 talique

1895 1168 2283 1234 conjunctione
2339 1172 2570 1223 connexi
2606 1181 2802 1236 erant,
2869 1177 2929 1224 ut
2975 1179 3244 1240 optarent,
3278 1169 3322 1223 si
3384 1170 3459 1222 ita

1894 1270 1984 1308 res
2009 1256 2197 1321 ferret,
2228 1273 2320 1327 per
2366 1268 2612 1313 mutuam
2642 1261 3166 1331 compensationem,
3189 1259 3461 1329 praedica-

1901 1347 2065 1400 tionis
2099 1352 2408 1403 continuari
2445 1367 2776 1412 sermonem,
2812 1368 2984 1422 neque
3014 1351 3118 1405 hoc
3135 1350 3458 1406 devitareut.

1900 1436 2076 1506 thue
2109 1439 2472 1507 hocopertins
2495 1443 2703 1507 discas,
2739 1445 3027 1496 considera
3064 1460 3077 1496 :
3116 1440 3319 1495 Paulus
3344 1441 3464 1493 suis

1899 1529 2158 1597 Epistolis
2190 1532 2521 1586 condemnat
2556 1533 2797 1601 Petrum,
2834 1534 3029 1590 Petrus
3059 1549 3190 1589 vero
3215 1547 3314 1588 sua
3342 1530 3464 1599 Epi-

1897 1622 2033 1674 stula
2075 1623 2347 1676 collaudat
2427 1623 2653 1678 Paulum
2684 1627 2724 1687 ³,
2765 1629 2994 1695 ejusque
3045 1626 3313 1694 Epistolas
3371 1622 3467 1676 Dei

210 1716 483 1780 sapientia
516 1726 571 1773 et
606 1721 779 1790 gratia
824 1722 1010 1790 plenas
1050 1738 1171 1776 esse
1206 1730 1459 1785 testatur,
1496 1728 1550 1774 et
1590 1732 1781 1789 parum
1827 1716 2011 1768 firmos
2042 1716 2296 1771 latentem
2336 1719 2391 1772 in
2453 1719 2558 1773 illis
2626 1736 2735 1775 non
2800 1721 3017 1789 assequi
3063 1734 3309 1784 sensum,
3369 1732 3465 1772 seu

211 1819 527 1873 pervertere
570 1810 899 1863 conclamat.
952 1809 1218 1864 Praeterea
1289 1826 1415 1863 vero
1449 1810 1612 1864 etiam
1676 1807 1875 1859 Paulus
1914 1806 2004 1873 qui
2034 1808 2181 1860 circa
2213 1809 2652 1877 praedicationem
2694 1812 2809 1866 haec
2841 1813 2907 1867 de
2939 1813 3099 1867 Petro
3132 1814 3285 1877 dicit,
3311 1812 3472 1881 longe

211 1901 451 1969 amplius
486 1917 651 1971 quam
693 1906 931 1974 seipsum
984 1907 1127 1959 hunc
1163 1906 1363 1960 excolit
1415 1916 1469 1958 et
1535 1905 1789 1957 honorat.
1830 1898 1969 1963 Quid
1999 1901 2144 1953 enim
2167 1911 2250 1956 est
2275 1902 2327 1955 in
2363 1917 2613 1959 sermone
2638 1905 2941 1969 calumniae,
2981 1906 3161 1960 videri.
3214 1906 3273 1960 in
3343 1921 3469 1975 prec

211 1995 288 2050 tio
323 2009 467 2061 esse,
521 2004 577 2052 et
607 2012 716 2052 non
751 2007 899 2054 recte
943 1998 1216 2064 incedere,
1246 2000 1290 2056 si
1316 1999 1569 2055 conferas
1598 1994 1663 2049 ad
1688 1994 1973 2049 anathema
2025 2010 2149 2052 esse
2196 2011 2225 2050 a
2288 1995 2537 2053 Christo?
2607 2016 2626 2050 ι
2649 1998 3122 2067 Circumcisionis,
3149 2017 3169 2050 ι
3234 2000 3340 2056 hoc
3370 2009 3470 2053 est

205 2092 543 2148 Iudaeorum.

284 2190 392 2242 Kal
419 2190 668 2257 γνόντες
693 2188 809 2257 τὴν
835 2192 1012 2259 χάριν
1029 2191 1143 2259 τὴν
1162 2192 1444 2246 δοθεῖσάν
1461 2208 1561 2260 μοι
1592 2188 1788 2244 ἰάκω-
1822 2190 1861 2242 Β

210 2280 314 2341 6ος
337 2279 431 2331 καὶ
462 2277 670 2347 Κηφᾶς
693 2278 794 2331 καὶ
821 2280 1114 2347 Ἰωάννης.
1141 2285 1194 2335 ol
1224 2281 1549 2345 δοκοῦντες
1572 2280 1788 2333 στῦλοι

211 2368 388 2433 εἶναι,
439 2371 643 2437 δεξιὰς
675 2373 909 2427 ἔδωκαν
950 2375 1081 2443 ἐμοὶ
1132 2375 1225 2428 καὶ
1279 2374 1551 2442 Βαρνάϐᾳ
1587 2388 1791 2424 κοινω-

211 2466 369 2528 νίας,
410 2466 511 2518 ἵνα
564 2465 738 2533 ἡμεῖς
781 2469 869 2533 εις
903 2466 976 2520 τὰ
1027 2468 1191 2533 ἔθνη,
1238 2466 1407 2519 αὐτοὶ
1449 2466 1517 2518 δὲ
1548 2468 1635 2531 εις
1677 2464 1792 2531 τὴν

214 2555 561 2624 περιτομὴν,
598 2542 794 2623 μόνον
822 2555 940 2609 τῶν
977 2554 1229 2625 πτωχῶν
1259 2556 1361 2608 ἵνα
1408 2555 1790 2623 μνημονεύω-

208 2666 348 2718 μεν.
387 2651 458 2703 '0
490 2649 587 2703 καὶ
624 2648 982 2704 ἐσπούδασα
1016 2648 1164 2703 αὐτὸ
1196 2646 1371 2702 τοῦτο
1406 2646 1676 2716 ποιῆσαι.

293 2846 312 2877 ι
326 2827 434 2879 Καὶ
454 2826 674 2891 γνόντες
690 2825 788 2896 τὴν
821 2827 1004 2897 χάριν.
1018 2844 1037 2878 ι
1070 2826 1182 2895 Τῆς
1199 2824 1445 2895 δοθείσης
1462 2825 1609 2893 αὑτῷ
1636 2824 1795 2893 χάρι-

212 2935 307 2981 τος
344 2918 470 2979 τοὺς
489 2918 618 2987 περὶ
640 2917 847 2986 Πέτρον
868 2918 1105 2987 παράγει
1135 2919 1440 2986 μάρτυρας.
1472 2914 1797 2968 ιΟίδοκοῦν-

213 3026 312 3071 τες
340 3007 575 3061 στῦλοι.»
602 3009 665 3060 Οί
690 3006 862 3070 ὄντες,
887 3008 1039 3078 φησὶ,
1062 3006 1245 3060 στῦλοι
1268 3008 1367 3075 τῆς
1398 3006 1657 3067 πίστεως,
1702 3005 1796 3057 καὶ

218 3103 354 3155 πᾶσι
384 3101 687 3163 δοκοῦντες.
725 3100 942 3163 «Δεξιὰς
969 3100 1177 3153 ἔδωκαν
1213 3119 1229 3150 ι
1267 3101 1389 3153 ’Ότι
1434 3099 1607 3162 κοινὰ,
1640 3098 1795 3166 φησὶ,

215 3199 287 3249 τὲ
312 3197 579 3264 δόγματα,
614 3196 706 3247 καὶ
737 3195 817 3246 ὅτι
852 3194 1139 3255 κοινωνοὺς
1172 3193 1317 3260 ἡμᾶς
1348 3191 1575 3251 ἑαυτοὺς
1606 3189 1796 3258 ἐποιή-

221 3305 386 3341 σαντο
399 3290 477 3350 εἰς
489 3287 547 3340 τὸ
561 3289 843 3357 κήρυγμα.
863 3287 961 3338 Διά
972 3284 1128 3339 τοῦτο
1140 3285 1249 3355 γὰρ
1266 3286 1357 3337 καὶ
1369 3284 1546 3347 δεξιὰς
1567 3283 1793 3347 ἔδωκαν,

220 3378 512 3446 δηλοῦντες
536 3379 618 3431 ὅτι
649 3378 974 3446 ἀρέσκονται
1007 3376 1084 3443 τῷ
1126 3377 1400 3447 ἡμετέρῳ,
1434 3379 1589 3446 φησὶ,
1625 3376 1798 3446 κηρύ-

223 3487 414 3539 γματι,
447 3469 533 3522 διὰ
566 3469 626 3522 τὸ
653 3465 792 3521 εἶναι
820 3468 1015 3520 ταύτὸν
1057 3466 1135 3535 τῷ
1166 3468 1408 3521 ἐκείνων.
1441 3488 1457 3519 ι
1496 3470 1612 3522 Ἵνα
1643 3470 1801 3538 ἡμεῖς

223 3563 324 3631 μὲν
356 3564 436 3625 είς
463 3564 529 3614 τὰ
550 3561 696 3630 ἔθνη.
726 3580 744 3612 ι
778 3563 891 3613 Ἵνα
921 3563 1081 3630 ἡμεῖς
1113 3562 1211 3630 μὲν
1237 3563 1315 3623 εἰς
1340 3562 1405 3615 τὰ
1432 3561 1580 3629 ἔθνη,
1612 3563 1794 3631 φησὶν,

220 3657 423 3708 ὲκεῖνοι
476 3654 529 3706 δὲ
572 3653 723 3722 παρὰ
775 3653 1045 3715 Ἰουδαίοις
1092 3652 1393 3722 κηρύξωσι.
1427 3672 1445 3703 ι
1476 3653 1651 3706 Μόνον
1689 3653 1798 3705 τῶν

222 3744 477 3814 πτωχῶν.
515 3763 532 3793 ι
562 3744 635 3795 Τὸ
665 3744 1111 3813 κήρυγμαμρησὶ,
1146 3743 1465 3813 διελόμενοι,
1496 3745 1622 3805 τοῦς
1658 3762 1801 3797 πτω-

221 3837 351 3906 χοὺς
375 3836 704 3906 ἁμερίστους
735 3834 950 3905 ἔχομεν.
988 3830 1149 3889 Οὗτοι
1182 3836 1238 3888 δὲ
1264 3832 1402 3906 ἦσαν
1430 3838 1477 3888 ot
1512 3836 1660 3907 παρὰ
1693 3837 1799 3889 τῶν

226 3928 374 3981 ἰδίων
408 3928 765 3997 συμφυλετῶν
793 3928 902 3980 τῶν
931 3927 1005 3998 μὴ
1035 3930 1442 3983 πιστευσάντων
1468 3929 1799 4000 διαρπαγέν-

222 4036 338 4082 τες,
360 4018 447 4071 διὰ
469 4017 566 4088 τὴν
597 4019 677 4081 είς
707 4017 940 4088 Χριστὸν
970 4020 1174 4072 πίστιν.

827 4289 1080 4342 ΚΕΦΔΛ.
1123 4286 1196 4341 Γ’.

226 4379 369 4445 Περὶ
396 4378 505 4445 τῆς
534 4380 685 4445 πρὸς
718 4379 926 4451 Κηφᾶν
959 4379 1383 4446 ἀντιρρήσεως,
1422 4381 1554 4448 περὶ
1591 4383 1701 4451 τῆς
1731 4382 1802 4435 ἐν

456 4451 656 4502 πίστει
687 4448 785 4501 καὶ
812 4452 922 4503 οὐκ
947 4451 1016 4502 ἐν
1046 4450 1206 4518 νόμῳ
1231 4454 1551 4517 σωτηρίας.

298 4539 438 4591 Ὅτε
486 4537 553 4590 δὲ
599 4533 747 4605 ἦλθε
790 4537 1013 4604 Πέτρος
1055 4542 1141 4603 είς
1206 4541 1600 4607 Ἀντιόχειαν,
1653 4542 1800 4594 κατὰ

227 4631 554 4697 πρόσωπον
609 4627 764 4692 αὺτῷ
806 4629 1129 4695 ἀντέστην,
1176 4631 1261 4684 ὅτι
1313 4638 1798 4701 κατεγνωσμένος

224 4718 323 4790 ἦν.
365 4721 489 4786 Πρὸ
557 4719 661 4772 τοῦ
710 4720 817 4787 γὰρ
878 4721 1077 4774 ἐλθεῖν
1120 4739 1285 4785 τινας
1331 4723 1450 4777 ἀπὸ
1499 4726 1797 4787 Ἰακωίὀιν,

220 4810 370 4877 μετὰ
400 4809 518 4861 τῶν
548 4807 737 4862 ἐθνῶν
764 4808 1119 4874 συνήσθιεν.
1158 4812 1282 4864 Ὅτε.
1343 4812 1405 4865 δὲ
1444 4810 1651 4882 ἦλθον,
1690 4819 1772 4868 ὑπ

224 4902 521 4953 ἔστελλεν
553 4900 650 4953 καὶ
686 4898 967 4969 ἀφώριζεν
1001 4901 1526 4972 ἐαυτὸν,φοῶὐμε;
1555 4926 1621 4971 ος
1658 4906 1800 4968 τοὺς

225 4993 293 5045 ἐκ
322 4993 666 5060 περιτομῆς,
700 4992 795 5046 καὶ
828 4997 1369 5060 συνυπεκρίθησαν
1404 4998 1585 5062 αὐτῷ,
1622 5000 1717 5051 καὶ
1747 5003 1799 5053 cl

228 5086 423 5137 λοιποὶ
461 5085 742 5139 Ἰουδαῖοι.
768 5086 950 5142 Ὥστε
970 5091 1065 5142 καὶ
1102 5091 1408 5158 Βαρνάϐας
1433 5092 1799 5160 συναπήχθη

228 5178 429 5231 αὐτῶν
460 5177 535 5245 τῇ
571 5182 905 5246 ὑποκρίσει.

300 5272 373 5322 03
412 5272 590 5339 μάχης
626 5271 746 5322 οὐδὲ
790 5270 1185 5338 καταγνώσεως
1222 5270 1311 5343 ἦν,
1354 5274 1410 5325 τό
1444 5274 1535 5327 τὸν
1590 5276 1801 5329 Παῦλον

230 5362 548 5429 ἀντιστῆναι.
573 5361 647 5430 τῷ
680 5362 888 5431 Πέτρῳ,
917 5363 1030 5415 ἀλλ’
1062 5365 1392 5435 οἰκονομίας.
1440 5366 1660 5437 Ἐπειδὴ
1693 5367 1800 5438 γὰρ

229 5454 315 5507 διὰ
358 5454 764 5520 συγκατάὃασιν
818 5458 866 5507 οἱ
906 5457 1032 5525 περὶ
1082 5457 1286 5525 Πέτρον
1343 5460 1399 5510 ἐν
1449 5458 1802 5529 Ἰερουσαλὴμ

235 5544 577 5613 συνεχώρουν
604 5545 703 5614 τὴν
733 5546 1053 5617 περιτομὴν,
1092 5549 1231 5601 κατὰ
1263 5549 1456 5618 μικρὸν
1493 5549 1802 5619 βουλόμενοι

231 5638 357 5699 τοὺς
390 5637 444 5700 ἐξ
486 5635 747 5689 Ἰουδαίων
794 5638 884 5689 ἐπὶ
924 5638 982 5688 τὸ
1029 5639 1230 5692 τέλειον
1266 5642 1515 5708 ἀγαγεῖν,
1557 5639 1727 5693 ὲλϐὼν
1774 5644 1802 5693 ὁ

308 5795 325 5824 ³
361 5794 372 5843 l
411 5793 550 5846 l‘elt'.
591 5809 671 5853 ιιι,
715 5794 774 5845 iii
875 5794 893 5823 ⁵
938 5793 1099 5848 llcbr.
1139 5813 1187 5857 χ,
1239 5796 1303 5846 δι

1964 2177 2116 2243 11,9,
2153 2178 2239 2232 10.
2265 2177 2501 2249 Cumque
2540 2181 2898 2249 cognovissent
2938 2179 3169 2250 gratiam
3196 2180 3327 2233 mihi
3367 2180 3470 2234 da-

1895 2277 1999 2321 tam
2029 2267 2289 2333 Jacobus,
2319 2279 2365 2322 et
2400 2269 2628 2337 Cephas,
2664 2280 2712 2323 et
2754 2269 3010 2334 Joannes,
3041 2272 3130 2339 qui
3156 2270 3475 2326 videbantur

1891 2376 2005 2415 esse
2070 2359 2351 2423 colurnum,
2377 2358 2595 2413 dextras
2652 2362 2907 2415 dederunt
2952 2363 3077 2415 mihi
3106 2370 3155 2416 et
3206 2362 3471 2416 Barnaba:

1891 2456 2199 2511 societatis:
2249 2465 2306 2508 ut
2352 2472 2445 2508 nos
2494 2456 2699 2523 quidem
2747 2459 2798 2511 in
2871 2448 3065 2528 gentes,
3110 2458 3213 2527 ipsi
3265 2474 3382 2513 rero
3417 2462 3472 2512 in

1894 2548 2387 2607 circumcisionem.
2453 2548 2751 2610 apostolatu
2808 2549 3141 2619 fungerentur
3189 2565 3208 2613 ;
3262 2558 3470 2602 tantum

1895 2648 1951 2690 ut
1976 2653 2264 2706 pauperum
2326 2653 2578 2691 memores
2631 2656 2889 2706 essemus,
2939 2641 2993 2693 in
3021 2654 3125 2709 quo
3158 2648 3208 2694 et
3247 2638 3468 2709 diligens

1898 2729 1978 2798 fui
1995 2739 2050 2782 ut
2066 2731 2163 2782 hoc
2193 2732 2363 2797 ipsum
2397 2730 2643 2798 facerem.

1973 2843 1992 2875 ι
2026 2823 2271 2892 Cumque
2297 2825 2685 2895 cognovissent
2714 2822 2965 2894 gratiam.
3000 2839 3018 2872 ι
3051 2820 3195 2875 θείω
3223 2821 3326 2876 sibi
3342 2833 3466 2891 gra-

1897 2914 1987 2969 tiae
2019 2924 2185 2968 testes
2204 2914 2450 2982 producit
2477 2914 2694 2969 Petrum
2718 2912 2986 2983 eteosﬁqui
3015 2926 3138 2967 cum
3158 2912 3273 2982 ipso
3293 2919 3469 2966 erant.

1905 3025 1925 3058 ι
1963 3006 2066 3071 Qui
2100 3006 2423 3060 videbantur
2454 3008 2742 3061 columnae.
2780 3025 2798 3059 ι
2827 3005 3125 3071 Quierant,
3158 3003 3356 3073 inquit,
3379 3017 3471 3056 co-

1899 3097 2096 3151 lumnae
2126 3096 2245 3150 litlei
2279 3106 2331 3149 et
2363 3098 2617 3151 omnibus
2648 3112 2770 3151 esse
2806 3096 3152 3151 videbantur.
3190 3112 3208 3145 ι
3240 3093 3468 3149 Dextras

1902 3189 2202 3244 dederunt.
2244 3207 2263 3240 ι
2289 3190 2637 3251 Communia,
2702 3190 2902 3258 inquit,
2938 3188 3185 3241 fecerunt
3216 3185 3473 3255 dogmata

1903 3296 1966 3335 ac
2003 3296 2105 3335 nos
2127 3281 2275 3348 ipsos
2303 3279 2372 3334 ad
2427 3281 2867 3349 praedicationem
2891 3279 3073 3334 socios
3132 3278 3468 3333 asciverunt.

1903 3366 2198 3435 Propterea
2236 3367 2379 3419 enim
2428 3375 2483 3420 et
2524 3367 2746 3421 dextras
2785 3366 3076 3429 dederunt,
3105 3367 3269 3437 730
3298 3368 3469 3436 signi-

1907 3456 2132 3512 ﬁcantes
2172 3466 2380 3526 gratam
2424 3458 2555 3527 ipsis
2588 3474 2710 3512 esse
2733 3466 2977 3513 nostram
3012 3459 3472 3526 praedicationem,

1901 3564 1967 3603 eo
2004 3549 2146 3616 quod
2186 3549 2372 3603 eadem
2416 3556 2562 3603 esset
2590 3564 2714 3603 cum
2755 3550 3140 3619 praedicatione
3182 3551 3423 3619 ipsorum
3455 3561 3472 3603 ε

1910 3659 1926 3690 ι
1967 3639 2034 3693 Ut
2070 3654 2169 3692 nos
2212 3639 2431 3706 quidem
2465 3644 2519 3695 in
2555 3649 2764 3710 gentes.
2802 3660 2821 3693 ι
2849 3640 2916 3695 Ut
2945 3658 3065 3705 nos,
3105 3643 3301 3710 inquit,
3332 3642 3475 3695 inter

1902 3740 2090 3802 gentes
2112 3731 2555 3799 praedicaremus,
2586 3732 2689 3800 ipsi
2713 3748 2840 3787 vero
2858 3733 2996 3801 apud
3018 3732 3255 3788 Iudaeos.
3293 3752 3311 3784 ι
3334 3731 3477 3787 Tan-

1906 3831 2018 3875 tunt
2053 3830 2453 3890 utpanperum.
2518 3841 2536 3873 ι
2573 3823 2991 3886 Przedicatione,
3032 3823 3227 3893 inquit,
3288 3823 3472 3887 divisi,

1904 3928 2177 3982 pauperes
2224 3913 2491 3967 habemus
2535 3914 2818 3969 intlivisos.
2893 3914 2959 3968 Hi
3017 3930 3144 3970 vero
3207 3929 3475 3984 pauperes

1902 4011 2081 4064 erant,
2100 4004 2246 4071 quia
2280 4003 2399 4060 suis
2427 4005 2831 4060 contribulibus
2860 4006 3178 4071 incredulis,
3208 4007 3477 4063 bonorqu

1904 4091 2265 4164 direptionem
2326 4105 2551 4166 pr0pter
2636 4096 2797 4150 ﬁdem
2866 4098 2919 4151 in
2992 4097 3268 4155 Christum
3328 4096 3478 4169 passi

1902 4193 2062 4241 erant
2088 4185 2129 4240 ‘.

2502 4280 2731 4336 CAPUT
2790 4283 2880 4337 Ill.

1905 4371 1982 4424 De
2008 4372 2356 4435 altercatione
2384 4376 2634 4445 adversus
2666 4373 2897 4440 Cen/tam
2938 4376 3002 4430 de
3021 4376 3197 4430 salute
3258 4378 3313 4430 in
3370 4377 3477 4445 ﬁde

2399 4444 2502 4498 sita
2531 4455 2579 4499 et
2620 4463 2720 4499 non
2752 4447 2806 4498 in
2851 4448 2979 4514 lege.

1986 4537 2045 4597 ll.
2071 4539 2127 4592 ll
2173 4538 2404 4593 15.Cum
2426 4548 2601 4592 autem
2645 4541 2865 4593 venisset
2897 4540 3086 4594 Petrus
3117 4540 3471 4601 Antiochiam,

1904 4635 2084 4701 palam
2109 4633 2189 4685 illi
2220 4632 2390 4685 restiti
2415 4648 2473 4684 eo
2527 4631 2667 4697 quod
2717 4632 3059 4698 reprehensus
3116 4642 3267 4686 esset.
3333 4631 3475 4685 Nam

1904 4737 2127 4795 anthua
2152 4742 2183 4775 ιι
2211 4726 2464 4779 venissent
2489 4724 2755 4793 quidanm
2776 4722 2998 4788 Iacobo,
3026 4740 3131 4777 una
3158 4740 3276 4777 cum
3303 4727 3475 4793 genti-

1837 4850 1875 4900 ι)
1907 4822 2001 4873 bus
2033 4820 2266 4871 sumebat
2299 4819 2471 4870 cibum
2504 4834 2520 4876 ;
2555 4832 2675 4870 cum
2713 4827 2892 4870 autem
2949 4818 3228 4880 venissent,
3266 4816 3478 4870 vereba-

1910 4922 1994 4962 tur
2027 4928 2089 4963 ae
2118 4910 2396 4976 separabat
2424 4926 2479 4962 se
2517 4910 2581 4962 ab
2615 4908 2747 4972 illis,
2788 4916 3025 4961 metuens
3068 4924 3155 4962 eos
3184 4909 3271 4976 qui
3319 4916 3469 4960 erant

1908 5000 2399 5055 “circumcisione
2431 5016 2446 5053 :
2478 5015 2540 5050 ac
2597 4996 2926 5051 simulabant
2982 5013 3101 5050 eum
3154 4996 3247 5050 illo
3301 4997 3479 5050 caueri

1909 5106 2109 5159 quoque
2144 5088 2354 5143 Jndazt':
2397 5089 2526 5141 adeo
2549 5098 2603 5139 ιιι
2626 5088 2909 5142 Barnabas
2938 5087 3100 5142 simul
3130 5087 3478 5142 abduceretur

1909 5183 1963 5235 in
1996 5182 2208 5233 illorum
2225 5181 2634 5234 simulationem.

1914 5314 1918 5321 .
1983 5272 2097 5325 Non
2130 5288 2316 5340 pugnae
2344 5281 2436 5324 aut
2456 5271 2925 5326 condemnationis
2943 5276 3080 5331 erat,
3111 5270 3255 5339 quod
3276 5268 3479 5323 Paulus

1911 5364 2382 5431 resisteretl’etro,
2414 5363 2966 5433 seddispensationis.
3017 5361 3286 5427 Quoniam
3328 5362 3473 5415 enim

1912 5454 2106 5509 Petrus
2133 5463 2185 5508 et
2217 5455 2309 5523 qui
2340 5472 2463 5508 cum
2496 5472 2561 5509 eo
2595 5464 2770 5520 erant,
2818 5454 3210 5526 Hierosolymis
3244 5453 3448 5507 condes

1913 5548 2174 5604 censione
2249 5549 2484 5618 quadam
2537 5547 2924 5615 permittebant
2970 5544 3469 5605 circumcisionem,

1912 5646 2157 5698 volentes
2190 5642 2443 5711 paulatim
2474 5655 2570 5697 eos
2597 5638 2689 5711 qui
2740 5654 2807 5694 ex
2829 5637 3032 5694 Iudaeis
3070 5646 3226 5693 crant
3257 5636 3321 5690 ad
3349 5649 3469 5703 pcr-
