4192 6458
710 406 837 471 1111

1792 405 2184 464 (ECUMENH
2213 403 2435 463 TRICC
2463 403 2505 461 E
2536 404 2875 466 EPISCOPI

3832 404 3968 468 1112

707 515 998 572 fectionem
1030 516 1301 571 deducere
1390 532 1513 569 cum
1552 517 1789 571 venisset
1843 515 2035 568 Petrus
2090 515 2283 567 Antio-

2396 512 2596 583 Πέτρος
2624 516 2703 576 είς
2741 514 3096 585 Ἀντιόχειαν,
3143 515 3271 585 ἄχρι
3305 514 3402 584 μὲν
3447 513 3620 577 οὐδεὶς
3654 511 3721 585 ἦν
3771 516 3884 566 τῶν
3916 506 3968 569 ἐξ

706 610 909 671 chiatu,
946 610 1162 664 interim
1196 610 1324 662 dum
1360 610 1534 663 ﬁdelis
1594 608 1777 661 nullus
1834 624 1896 661 ex
1950 607 2155 661 Judazis
2208 605 2280 659 ibi

707 707 849 764 erat,
882 701 1002 754 sine
1058 699 1166 751 ullo
1200 699 1517 753 discrimine
1585 714 1689 751 una
1736 714 1859 751 cum
1892 698 2145 767 gentibus
2189 695 2284 765 qui

707 792 1052 845 crediderant
1088 791 1270 844 cibum
1321 792 1757 845 sumeliatzcum
1807 800 1984 843 autem
2030 787 2286 841 advenis-

707 890 865 946 sent,
905 896 971 933 ne
1004 896 1097 935 eos
1126 883 1419 935 offenderet
1464 897 1586 934 cum
1618 882 1793 935 adhuc
1839 880 2142 935 imbecilles
2192 897 2283 934 es-

708 983 851 1035 sent,
884 976 1174 1028 verebatur
1199 989 1303 1028 una
1332 990 1456 1027 cum
1500 975 1605 1029 illis
1656 975 1840 1032 edere.
1874 972 2047 1043 llujus
2103 983 2282 1027 autem

708 1074 975 1131 rausa,ut
1008 1067 1209 1119 dictum
1244 1076 1346 1129 est,
1373 1077 1487 1121 erat
1511 1083 1698 1119 eorum
1736 1068 2105 1120 imbecillitas.
2127 1065 2281 1131 Quod

708 1168 889 1210 autem
924 1157 1126 1212 Paulus
1150 1160 1223 1212 illi
1265 1162 1439 1229 palam
1474 1168 1655 1212 etnon
1691 1162 1943 1229 privatim
1999 1160 2283 1223 restiterit,

711 1249 1145 1317 dispensationis
1168 1262 1307 1310 erat.
1339 1261 1395 1303 ut
1427 1252 1787 1322 videntesqni
1811 1269 1873 1305 ex
1901 1251 2101 1306 Jud:eis
2164 1268 2281 1307 cre-

709 1338 983 1413 diderant,
1010 1340 1180 1409 ipum
1218 1354 1606 1412 prter-eptot'em
1640 1359 1800 1398 suum
1856 1343 2071 1397 Petrqu
2107 1345 2282 1413 palam

710 1412 864 1498 argui
910 1434 1052 1500 quod
1084 1449 1207 1487 eum
1268 1438 1603 1505 praeputiatis
1635 1454 1741 1490 non
1794 1446 2281 1499 conversarentur,

642 1518 647 1523 ’
711 1518 811 1575 nec
862 1524 1354 1591 contradicentcm,
1396 1528 1551 1597 731
1588 1539 1947 1595 agnoscerent
1997 1529 2141 1597 quod
2175 1544 2280 1581 non

690 1614 855 1663 't-sset
922 1610 1184 1681 deinceps
1245 1620 1557 1668 necessaria
1619 1616 1751 1683 It‘gis
1801 1616 2114 1670 obsert'atio
2164 1625 2282 1685 post.

713 1694 891 1765 lid'ent,
916 1704 1010 1757 sed
1042 1705 1212 1773 magis
1252 1708 1596 1759 occasionem
1632 1707 1785 1761 daret
1816 1719 1870 1761 ut
1922 1710 2282 1779 reprehende-

716 1801 866 1846 rrtur
903 1792 1119 1849 Petrus.
1152 1796 1291 1860 Quia
1348 1813 1479 1851 vero
1538 1798 1639 1852 hoc
1684 1799 2085 1867 dispensatorie
2157 1816 2284 1871 age-

715 1883 894 1946 batur,
953 1883 1241 1938 manifeste
1270 1888 1419 1940 venit
1469 1886 1670 1941 Paulus
1733 1889 1799 1942 ad
1849 1889 1947 1942 bos
2004 1905 2284 1944 sernt0nes

714 1987 836 2024 rum
852 1970 1035 2036 Petro,
1055 1982 1115 2028 ut
1146 1976 1431 2032 audientes
1464 1977 1644 2031 ﬁdeles
1662 1979 1754 2046 qui
1778 1995 1841 2032 ex
1863 1980 2287 2036 circumcisione

713 2074 890 2125 erant,
921 2077 1198 2122 mutarent
1232 2069 1363 2137 legis
1399 2072 1855 2127 observationem.
1893 2072 2045 2137 Quod
2083 2076 2127 2128 si
2158 2089 2282 2127 vera

715 2155 902 2209 fuisset
927 2158 1030 2219 ira.
1053 2161 1385 2229 oportuisset
1406 2164 1658 2232 privatim
1681 2166 1828 2232 ipsos
1856 2166 1995 2235 apud
2016 2183 2074 2220 se
2094 2177 2283 2223 mutuo

710 2245 1001 2299 disserere.

782 2338 903 2390 Alio
939 2340 1111 2393 modo.
1177 2341 1445 2405 Eusebius
1502 2342 1769 2413 Pamphili
1808 2348 1858 2400 in
1901 2346 2284 2403 Ecclesiastica

711 2428 935 2483 historia
973 2434 1209 2487 ostendit
1257 2436 1401 2488 hunc
1438 2436 1659 2490 Petrum
1708 2452 1814 2492 non
1864 2455 1986 2493 esse
2016 2438 2281 2511 Cepham,

710 2520 806 2574 sed
843 2523 1086 2590 ejusdem
1120 2541 1242 2578 cum
1302 2528 1420 2595 ipso
1450 2529 1686 2583 nOmiuis
1730 2546 1896 2583 unum
1932 2548 1995 2585 ex
2066 2542 2284 2602 septua-

710 2614 881 2681 ginta.
950 2613 1013 2666 Et
1069 2620 1447 2685 apparentiam
1514 2620 1679 2673 habet
1720 2620 1806 2673 hie
1860 2637 2062 2676 sermo.
2099 2623 2285 2694 Neque

711 2708 855 2757 enim
894 2705 1051 2759 Petro
1081 2724 1300 2762 rursum
1353 2726 1491 2779 opus
1520 2722 1634 2765 erat
1660 2722 1924 2777 metuere,
1950 2716 2041 2784 qui
2072 2717 2183 2785 jam
2217 2719 2283 2772 de

710 2803 813 2851 hoc
847 2801 1202 2869 responderat
1237 2802 1651 2873 Hierosolymis,
1676 2807 2039 2876 omnibusque
2057 2825 2285 2878 persua-

710 2898 877 2952 serat,
905 2892 1123 2959 quando
1159 2894 1407 2959 unafcum
1431 2892 1688 2949 Cornelio
1706 2907 1924 2966 sumpto
1946 2901 2087 2961 cibo,
2116 2917 2285 2969 quos-

709 2980 831 3034 dam
888 2998 950 3035 ex
1014 2985 1440 3041 circumcisione
1490 2987 2075 3058 ol'lenderat:quando
2119 2996 2281 3047 etiam

709 3071 849 3124 dixit
893 3090 905 3123 :
948 3090 966 3123 ι
1004 3070 1140 3128 Vere
1164 3077 1463 3143 comperio,
1495 3077 1716 3142 fratres,
1745 3081 1888 3147 quod
1926 3096 2031 3135 non
2060 3088 2132 3135 sit
2161 3100 2284 3151 per-

2314 1857 2361 1915 B

2402 604 2669 656 Ἰουδαίων
2700 607 2892 669 πιστὸς
2923 608 3058 671 ἐκεῖ,
3078 606 3389 675 ἀδιαφόρως
3419 607 3557 676 μετὰ
3577 606 3684 659 τῶν
3713 607 3769 672 ἐξ
3800 608 3971 659 ἐθνῶν

2389 696 2797 750 πιστευσάντων
2826 699 3133 768 συνήσθιεν,
3161 701 3247 751 ὅτε
3278 699 3333 751 δὲ
3361 699 3746 767 παρεγένοντο,
3776 700 3865 750 ἵνα
3897 700 3971 767 μὴ

2389 789 2590 851 αὐτοὺς
2638 791 2969 860 σκανδαλίσῃ
2998 790 3079 842 ἔτι
3110 791 3357 852 ἀσθενεῖς
3395 790 3577 852 ὄντας,
3610 790 3973 842 ὑπεστέλλετο

2393 881 2696 935 συνεσθίειν
2748 883 3001 945 ἐκείνοις.
3049 883 3254 935 Τούτου
3290 882 3346 934 δὲ
3377 882 3570 946 αἴτιον,
3611 882 3686 948 ᾡς
3730 883 3969 950 εἴρηται,

2388 974 2421 1043 ἡ
2458 973 2685 1027 ἐκείνων
2712 975 2983 1027 ἀσθένεια.
3016 975 3126 1026 Καὶ
3152 974 3212 1027 τὸ
3244 974 3331 1025 τὸν
3365 973 3577 1026 Παῦλον
3601 976 3657 1027 δὲ
3695 974 3969 1042 φανερῶς,

2389 1065 2529 1119 ἀλλὰ
2557 1068 2630 1138 μὴ
2664 1068 2785 1120 κατ’
2820 1067 2956 1120 ίδίαν
2985 1066 3302 1132 ἀντιστῆναι
3326 1063 3401 1133 τῷ
3427 1065 3636 1133 Πέτρῳ,
3660 1066 3972 1131 οἰκονομίας

2387 1153 2476 1229 ἦν,
2499 1158 2585 1210 ἵνα
2609 1160 2841 1228 ὁρῶντες
2866 1159 2915 1210 οἱ
2965 1158 3023 1223 ἐξ
3069 1156 3339 1210 Ἰουδαίων
3374 1157 3555 1208 πιστοὶ
3591 1156 3681 1207 τὸν
3713 1156 3972 1208 διδάσκα-

2389 1247 2479 1298 λον
2511 1246 2673 1299 αὐτὸν
2707 1247 2912 1315 Πέτρον
2944 1246 3346 1313 ἐγκαλούμενον
3374 1247 3643 1314 φανερῶς,
3684 1248 3736 1297 τί
3771 1249 3834 1314 δή
3842 1263 3972 1297 ποτε

2392 1336 2466 1407 μὴ
2500 1338 2717 1390 σύνεστι
2767 1341 2877 1401 τοῖς
2929 1340 3287 1406 ἀκροϐύστοις
3328 1340 3420 1391 καὶ
3470 1338 3543 1408 μὴ
3597 1340 3970 1405 ἀντιλέγοντα,

2388 1428 2591 1496 γνῶσιν
2624 1430 2699 1493 ὡς
2752 1432 2813 1483 ού
2849 1431 3114 1501 χρειώδης
3170 1431 3357 1483 λοιπὸν
3402 1432 3432 1500 ἡ
3465 1432 3849 1500 παρατήρησις
3880 1431 3971 1482 τοῦ

2388 1521 2558 1589 νόμου
2595 1524 2733 1591 μετά
2763 1524 2862 1592 τὴν
2884 1524 3087 1587 πίστιν,
3118 1522 3253 1577 ἀλλὰ
3281 1523 3553 1593 πρόφασιν
3589 1524 3971 1592 παρασχοῦσα.

2388 1611 2481 1664 τοῦ
2514 1614 2848 1683 ἐγκληθῆναι
2910 1616 3135 1684 Πέτρον.
3166 1617 3289 1667 "Ott.
3322 1615 3377 1666 δέ
3421 1615 3577 1666 τοῦτο
3621 1614 3966 1684 ᾠκονόμητο,

2391 1702 2637 1772 φανερῶς
2680 1703 2760 1765 εἰς
2794 1703 2984 1771 λόγους
3010 1700 3173 1774 ἦλθεν
3212 1705 3240 1756 6
3277 1702 3486 1765 Παῦλος
3520 1702 3597 1770 τῷ
3628 1703 3842 1771 Πέτρῳ,
3880 1703 3968 1752 ἶνα

2390 1795 2440 1847 οἱ
2472 1797 2536 1848 ἐκ
2572 1796 2878 1866 περιτομῆς
2910 1798 3094 1849 πιστοὶ
3135 1796 3456 1858 ἀκούοντες,
3498 1794 3840 1864 μεταθῶνται
3871 1797 3972 1862 τῆς

2388 1886 2481 1939 τοῦ
2519 1888 2681 1956 νόμου
2713 1889 3189 1958 παρατηρήσεως’
3242 1888 3317 1949 ὼς
3364 1888 3418 1940 εἴ
3462 1905 3523 1955 γε
3565 1889 3625 1939 τὸ
3674 1887 3872 1955 ἀληθὲς
3901 1883 3973 1955 ἦν

2387 1979 2547 2049 ὀργὴ,
2583 1979 2688 2043 ἔδει
2726 1980 2843 2031 κατ’
2879 1979 3016 2034 ἰδίαν
3052 1981 3249 2042 αὐτοὺς
3282 1980 3636 2049 διαλεχθῆναι
3669 1981 3801 2050 πρὸς
3842 1980 3969 2033 ἐανο

2387 2088 2532 2133 τους.

2463 2341 2705 2402 Ἄλλως.
2742 2338 2996 2399 Εὐσέϐιος
3024 2340 3051 2391 6
3085 2339 3367 2408 Παμφίλου
3403 2342 3459 2391 ἐν
3495 2341 3561 2409 τῇ
3604 2340 3972 2405 Ἐκκλησια-

2385 2430 2567 2499 στικῇ
2592 2430 2823 2498 ἱστορίᾳ
2853 2430 3200 2484 ἀποδείκνυσι
3229 2432 3304 2502 μὴ
3336 2428 3475 2484 εἶναι
3503 2432 3593 2483 τὸν
3621 2433 3818 2499 Κηφᾶν
3846 2431 3973 2482 τοῦ-

2388 2543 2501 2589 τον,
2519 2526 2609 2578 τὸν
2624 2525 2851 2593 Πέτρον,
2869 2524 2982 2577 ἀλλ’
2999 2525 3288 2595 ὁμώνυμον
3304 2524 3471 2593 αὐτῷ,
3484 2525 3580 2577 ἕνα
3601 2524 3707 2576 τῶν
3732 2522 3973 2591 ἑϐδομή·

2388 2634 2573 2669 κοντα.
2599 2615 2710 2667 Καὶ
2730 2614 2951 2677 πιθανὸς
2981 2615 3008 2666 6
3034 2614 3211 2681 λόγος.
3242 2616 3317 2668 Οὐ
3338 2615 3446 2685 γὰρ
3466 2615 3529 2668 ἂν
3548 2616 3791 2685 ὀΠέτρος
3818 2616 3973 2685 ἐδεή-

2387 2709 2451 2777 οη
2480 2708 2636 2761 πάλιν
2661 2707 2982 2775 ὑποστολῆς,
3017 2709 3163 2767 ὅστις
3193 2708 3296 2776 ἤδη
3324 2708 3452 2776 περὶ
3476 2708 3665 2759 τούτου
3689 2708 3969 2774 ἀπολογηο

2387 2802 2621 2868 σαμενος
2667 2795 2734 2868 ἦν
2758 2800 2814 2851 ἐν
2846 2797 3201 2867 Ἰερουσαλὴμ
3227 2797 3323 2849 καὶ
3347 2798 3540 2857 πείσας
3570 2798 3842 2859 ἅπαντας,
3872 2800 3962 2850 ὅτε

2387 2888 2464 2959 τῷ
2514 2890 2798 2960 Κορνηλίῳ
2822 2888 3144 2958 συμφαγὼν,
3196 2890 3349 2951 τινας
3406 2889 3515 2940 τῶν
3547 2890 3611 2940 ἐκ
3662 2889 3971 2957 περιτομῆξ

2389 2981 2793 3043 ἐσκανδάλισεν,
2850 2981 2936 3032 ὅτε
2970 2979 3062 3033 καὶ
3098 2974 3275 3039 εἶπεν,
3314 2997 3331 3029 ι
3369 2978 3487 3030 Ἐπ’
3512 2978 3794 3049 ἀληθείας,
3816 2980 3976 3032 ἀδελ-

2389 3076 2499 3143 (poi,
2536 3074 3053 3142 καταλαμϐάνομαι,
3089 3073 3172 3124 ὃτι
3201 3072 3301 3123 οὐκ
3326 3071 3442 3123 ἔστι
3488 3072 3974 3141 προσωπολήπτης

710 3178 971 3216 souartun
1002 3175 1287 3234 respectus
1314 3183 1500 3221 coram
1547 3168 1678 3231 Deo,
1706 3170 1799 3223 sed
1844 3173 1894 3224 in
1930 3175 2126 3239 quavis
2152 3193 2284 3244 gen-

2390 3166 2587 3230 όΘεδς,
2637 3166 2752 3219 ἀλλ’
2801 3168 2858 3220 ἐν
2911 3165 3071 3219 παντὶ
3128 3166 3330 3218 ἔθνειὸ
3384 3162 3718 3232 φοϐούμενος
3780 3164 3972 3229 αὑτὸν,

710 3266 763 3305 te
796 3255 887 3319 qui
918 3255 1062 3307 timet
1101 3257 1298 3323 ipsum,
1338 3257 1383 3311 is
1414 3270 1672 3326 acceptus
1704 3268 1786 3312 est
1812 3260 1885 3312 illi
1914 3262 1988 3312 ⁵.»
2014 3260 2128 3313 Non
2166 3271 2284 3315 erat

713 3346 816 3398 iste
848 3347 937 3414 qui
995 3346 1107 3400 lnec
1142 3348 1375 3401 dixerat.
1410 3348 1544 3402 Nam
1579 3350 1622 3403 si
1655 3352 1757 3403 hoc
1798 3353 1865 3403 ab
1902 3353 2055 3406 initio
2092 3356 2287 3420 praedi-

711 3438 947 3491 cationis
990 3438 1154 3499 facto.
1200 3442 1469 3508 persuasit
1519 3443 1777 3496 omnibus
1811 3443 1954 3510 quod
2000 3460 2106 3497 non
2147 3447 2286 3499 male

709 3532 930 3599 egisst-t.
964 3532 1170 3600 Spiritu
1204 3532 1379 3601 ipsum
1412 3534 1478 3587 ad
1513 3534 1613 3586 hoc
1638 3535 1965 3588 inducente:
2004 3537 2285 3604 quomodo

710 3638 856 3674 nunc
884 3633 1010 3691 post
1042 3632 1256 3676 tantum
1297 3632 1537 3693 tempus,
1572 3634 1865 3696 postquam
1906 3628 2132 3683 dederat
2176 3629 2282 3683 Pe-

712 3724 833 3767 trus
900 3716 1342 3784 experimentum
1397 3717 1482 3770 sui
1518 3718 1654 3771 recti
1692 3718 1896 3786 operis,
1950 3735 2169 3773 rursum
2209 3724 2283 3774 illi

711 3822 850 3874 opus
893 3817 1011 3861 erat
1044 3807 1360 3875 hujusmodi
1414 3808 1887 3878 dispensatione?’
1923 3811 2035 3865 Hoc
2079 3822 2283 3881 tamen,

711 3900 855 3967 quod
899 3899 1263 3968 reprehensus
1319 3908 1486 3964 esset,
1536 3911 1717 3971 potest
1760 3903 1861 3956 hoc
1907 3905 2071 3957 etiam
2123 3908 2286 3961 modo

710 3989 937 4061 intelligi
976 4007 989 4041 :
1028 3988 1182 4042 Nulla
1217 3992 1319 4043 alia
1356 3990 1458 4044 fuit
1503 3991 1657 4054 mihi,
1698 3994 1773 4046 ait
1805 3994 2030 4059 Paulus,
2063 3999 2286 4053 occasio

712 4082 891 4149 palam
922 4082 970 4134 ei
1008 4080 1299 4136 resistendi
1352 4091 1404 4135 et
1438 4097 1564 4136 eum
1612 4086 1969 4155 corripiendi,
2003 4089 2106 4142 nisi
2138 4091 2284 4160 quod

710 4171 778 4221 de
811 4169 1080 4223 sumendo
1109 4170 1294 4223 cibqu
1333 4184 1438 4222 una
1465 4186 1588 4223 cum
1627 4172 1974 4230 circumcisis
2016 4188 2173 4232 antea
2198 4196 2285 4234 rc-

710 4260 1016 4328 prehensus
1070 4260 1549 4317 l‘uissetaJudazis
1604 4268 1827 4333 quando
1853 4284 1977 4322 cum
2028 4271 2287 4328 Cornelio

710 4352 899 4406 ederat
937 4370 949 4405 :
1005 4354 1110 4407 nisi
1136 4354 1280 4407 enim
1314 4354 1510 4409 fuisset
1538 4368 1694 4411 antea
1720 4360 2087 4429 reprehensus
2113 4364 2286 4421 abhis

709 4460 848 4511 quos
883 4445 954 4498 ibi
987 4444 1315 4507 olTenderat,
1355 4462 1703 4517 nequaquam
1740 4467 1886 4504 nunc
1948 4456 2237 4509 metuisset
2267 4477 2278 4511 :

2392 3258 2577 3320 δεκτὸς
2633 3258 2784 3327 αὐτῷ
2828 3260 2995 3310 ἐστιν.
3028 3274 3047 3308 ι
3089 3257 3163 3310 Οὐ
3198 3254 3306 3324 γὰρ
3337 3250 3405 3324 ἦν
3427 3255 3455 3307 6
3484 3254 3653 3307 εἰπὼν
3672 3254 3873 3308 ταῦτα.
3910 3259 3973 3309 ΕΞ

2389 3352 2444 3403 δὲ
2471 3350 2629 3403 τοῦτο
2664 3351 2811 3420 παρὰ
2843 3350 2941 3417 τὴν
2995 3347 3169 3418 ἀρχὴν
3206 3347 3300 3400 τοῦ
3325 3347 3685 3417 κηρύγματος
3712 3350 3972 3416 ποιήσας,

2391 3443 2604 3493 ἔπεισεν
2635 3442 2877 3503 ἅπαντας
2912 3440 2987 3502 ὡς
3007 3441 3068 3491 οὐ
3100 3438 3285 3500 κακῶς
3317 3440 3562 3509 ἐποίησε,
3593 3439 3689 3491 τοῦ
3716 3441 3975 3508 Πνεῦμαο

2388 3552 2477 3597 τος
2542 3534 2701 3586 αὑτὸν
2773 3534 2852 3595 είς
2908 3532 3067 3584 τοῦτο
3117 3532 3427 3599 ἐνάγοντος,
3454 3531 3572 3594 πῶς
3599 3531 3665 3583 ἂν
3706 3531 3802 3583 νῦν
3829 3534 3975 3602 μετά

2387 3625 2640 3677 τοσοῦτον
2672 3625 2881 3693 χρόνον,
2918 3624 3057 3692 μετά
3092 3624 3153 3675 τὸ
3175 3625 3370 3695 πεῖραν
3392 3623 3580 3676 δοῦναι
3628 3625 3721 3676 τὸν
3760 3627 3974 3694 Πέτρον

2389 3717 2487 3785 τῆς
2514 3717 2718 3776 οἰκείας
2748 3717 2968 3786 ἀρετῆς,
3002 3715 3194 3784 ἐδεήθη
3221 3716 3383 3769 πάλιν
3411 3715 3511 3782 τῆς
3536 3717 3797 3786 τοιαύτης
3821 3719 3974 3769 οἱκοο

2391 3808 2619 3878 νομίας;
2660 3809 2732 3859 Τὸ
2757 3808 2813 3859 δὲ
2834 3809 2915 3860 ὅτι
2974 3807 3420 3875 κατεγνωσμένος
3474 3801 3564 3876 ἧν,
3621 3806 3849 3860 δύνασαι
3882 3811 3976 3863 καὶ

2390 3900 2561 3963 οὕτως
2589 3902 2798 3970 νοῆσαι·
2832 3900 3025 3967 Γέγονε
3074 3917 3183 3969 μοι.
3211 3901 3365 3968 φησὶ,
3389 3899 3662 3968 πρόφασις
3692 3900 3781 3953 τοῦ
3832 3902 3974 3954 κατά

2393 3993 2683 4062 πρόσωπον
2708 3991 2854 4061 αὐτῷ
2875 3992 3193 4049 ἀντιστῆναι
3221 3991 3316 4043 καὶ
3342 3991 3611 4058 διελέγξαι
3636 3993 3823 4055 αὐτὸν,
3848 3994 3976 4045 ἄλλο

2394 4086 2493 4154 μὲν
2524 4084 2696 4143 οὐδὲν,
2729 4084 2760 4151 ἢ
2818 4085 2899 4135 ὃτι
2927 4084 3056 4153 περὶ
3103 4085 3197 4135 τοῦ
3250 4083 3549 4135 συνεσθίειν
3576 4086 3686 4146 τοῖς
3719 4086 3775 4135 ἐν
3809 4087 3973 4154 ἀκρο-

2393 4177 2587 4246 ϐυστίᾳ
2644 4178 3200 4245 προκατεγνωσμένος
3245 4171 3311 4243 ἧν
3353 4176 3460 4229 ἀπὸ
3509 4176 3615 4227 τῶν
3704 4176 3975 4230 Ἰουδαίων

2390 4270 2476 4321 ὅτε
2498 4268 2575 4337 τῷ
2606 4270 2890 4338 Κορνηλίῳ
2938 4270 3262 4337 συνέφαγεν.
3338 4268 3399 4320 Εἰ
3450 4269 3523 4337 μὴ
3567 4269 3672 4337 γὰρ
3728 4287 3974 4338 προκατ-

2390 4360 2638 4431 εγνῶσοη
2691 4363 2817 4430 παρ’
2853 4361 3029 4413 αὐτῶν
3084 4361 3576 4414 σκανδαλισθέντων
3613 4364 3745 4423 ἐκεῖ,
3781 4363 3882 4415 οὐκ
3912 4364 3975 4414 iv

2390 4452 2484 4504 νῦν
2542 4452 2841 4517 ὑπεστάλη.
2892 4453 2980 4522 Μὴ
3036 4452 3436 4513 ὑποσταλέντος
3461 4451 3536 4511 δὲ,
3573 4452 3673 4503 οὐκ
3716 4448 3785 4519 ἦν
3816 4456 3972 4521 χρεία

709 4537 854 4601 quod
904 4536 950 4591 si
999 4552 1106 4589 non
1144 4538 1450 4600 metuisset,
1491 4540 1640 4592 nulla
1670 4540 1863 4595 fuisset
1890 4558 2029 4613 opus
2060 4560 2284 4616 correp-

2391 4542 2481 4595 τοῦ
2515 4560 2571 4594 τε
2605 4544 2848 4613 ἐλέγχου,
2874 4544 2971 4612 τῆς
3001 4560 3058 4594 τε
3085 4542 3224 4595 κατά
3259 4542 3553 4611 πρόσωπον
3580 4543 3971 4605 ἀντιστάσεως.

713 4625 860 4678 tione
891 4634 983 4678 aut
1012 4626 1230 4693 publica
1264 4627 1602 4682 resistentia.
1650 4628 1850 4684 Verum
1881 4634 2010 4701 qttid
2055 4638 2283 4691 omnino

715 4714 939 4782 prodest
968 4717 1185 4785 publice
1217 4719 1515 4774 resistere?
1544 4751 1611 4759 —
1635 4722 1774 4788 Quia
1810 4736 2120 4794 Opportune
2171 4732 2284 4801 egit

712 4817 770 4860 ut
795 4824 980 4863 coram
1010 4807 1214 4866 Judaeis
1244 4813 1449 4865 dictum
1490 4822 1636 4869 esset
1668 4832 1682 4868 :
1712 4816 1823 4871 Nos
1859 4826 2054 4873 natura
2107 4821 2280 4877 Judaei

712 4908 760 4951 et
799 4914 906 4951 non
944 4914 1008 4953 ex
1052 4903 1305 4968 gentibus
1351 4914 1687 4972 peccatores,
1741 4922 1975 4978 cumque
2012 4914 2285 4968 sciremus

714 4992 858 5057 quod
896 5006 1007 5045 non
1034 4992 1369 5060 justilicetur
1404 4996 1567 5051 homo
1602 5013 1667 5051 ex
1700 5003 1961 5067 operibus
1989 5005 2147 5073 legis,
2175 5007 2280 5061 nisi

684 5098 687 5101 λ
716 5097 811 5148 per
847 5082 1003 5137 [idem
1056 5082 1185 5138 Jesu
1225 5085 1451 5150 Christi,
1483 5099 1535 5142 et
1566 5106 1666 5143 nos
1702 5092 1752 5143 in
1785 5094 2066 5147 Christum
2099 5096 2283 5151 Jesunt

714 5174 1053 5231 credidimus
1091 5184 1149 5229 ut
1180 5178 1614 5244 jnstiﬁcaremur
1645 5181 1696 5233 in
1725 5182 1827 5235 lide
1859 5184 2063 5238 Christi
2099 5195 2150 5239 et
2180 5204 2285 5240 non

712 5280 779 5315 ex
804 5265 1065 5332 operibus
1101 5267 1233 5335 legis
1263 5285 1274 5318 :
1319 5270 1446 5337 quia
1482 5270 1593 5323 haec
1636 5287 1820 5325 coram
1848 5276 2106 5329 omnibus
2142 5277 2286 5330 dicta

713 5363 863 5419 sunt,
910 5357 1010 5407 fuit
1069 5360 1286 5425 publica
1336 5363 1668 5417 resistentia.
1734 5364 1945 5418 Etenim
2007 5369 2049 5420 si
2085 5368 2285 5436 aliquis

711 5461 869 5499 error
906 5446 1122 5509 fuisset.
1164 5454 1501 5517 oportuisset
1534 5456 1787 5523 privatim
1819 5474 2049 5527 arguere
2084 5468 2137 5513 et
2163 5476 2279 5512 cor-

712 5539 911 5608 rigere.
936 5542 1153 5595 dicente
1179 5542 1405 5597 Domino
1430 5548 1628 5617 732:
1670 5567 1687 5598 ι
1733 5549 1788 5601 Si
1834 5553 2141 5618 peccaverit
2174 5552 2284 5604 fra-

711 5639 796 5684 ter
820 5640 946 5685 tuus
1003 5634 1221 5701 corripe
1251 5651 1374 5690 eum
1423 5638 1677 5706 privatim
1714 5657 1730 5693 :
1772 5643 1917 5710 quod
1958 5644 2001 5696 si
2033 5658 2139 5697 non
2182 5643 2283 5697 ob-

783 5808 801 5830 “
832 5808 951 5861 Act.
984 5812 1149 5871 L113.

2395 4634 2538 4685 Τίδέ
2576 4636 2710 4696 ὅλως
2756 4634 2957 4701 ὠφελεῖ
3006 4634 3037 4700 ἡ
3079 4631 3217 4684 κατά
3274 4632 3563 4701 πρόσωπον
3617 4633 3973 4695 ἀντίστασιςς

2393 4759 2457 4766 ——
2491 4726 2651 4796 [ΤοΥ
2680 4724 2961 4795 ΛΥΤΟΥ.”Ι
2994 4726 3113 4776 ’Ὁτι
3149 4724 3417 4792 εὐκαίρως
3453 4724 3679 4792 ἐποίησε
3712 4724 3973 4791 λεγθῆναι

2393 4818 2700 4889 ἔμπροσθεν
2724 4818 2832 4870 τῶν
2870 4818 3154 4878 Ἰουδαίων,
3174 4817 3255 4877 τὸ,
3288 4817 3477 4884 ’Πμείς
3503 4816 3661 4883 φύσει
3705 4816 3972 4877 Ἰονδαῖνιι,

2394 4912 2486 4963 καὶ
2520 4912 2618 4963 οὐκ
2654 4910 2713 4974 ἐξ
2748 4910 2917 4962 ἐθνῶν
2946 4910 3285 4981 ἁμαρτωλοὶ,
3314 4910 3516 4970 εἰδότες
3535 4910 3614 4960 ὅτι
3642 4910 3702 4960 οὗ
3731 4909 3974 4961 δικαεοῦ-

2391 5022 2481 5057 ται
2543 5003 2823 5072 ἄνθρωπος
2855 5003 2912 5067 ἐξ
2942 5003 3119 5070 ἔργων
3149 5003 3337 5070 νόμον,
3389 5002 3483 5053 ἐὰν
3520 5001 3591 5070 μὴ
3616 5002 3700 5052 δια
3733 5002 3974 5062 πίστεως

2404 5096 2583 5165 Ἰησοῦ
2640 5096 2898 5166 Χριστοῦ,
2956 5096 3049 5149 καὶ
3106 5097 3265 5165 ἡμεῖς
3320 5099 3398 5155 είς
3454 5094 3688 5153 Χοισττν
3763 5095 3973 5161 Ἰητοῖν

2393 5189 2796 5257 ἐπιστεύσαμεν
2828 5189 2915 5240 ἵνα
2936 5187 3318 5256 δικαιωθῶμεν
3346 5187 3407 5236 ὲκ
3444 5186 3680 5243 πίστει-ις
3706 5184 3971 5251 Χριστςῖ,

2392 5279 2484 5329 καὶ
2531 5278 2631 5329 οὐκ
2670 5278 2726 5341 ἐξ
2768 5276 2944 5344 ἔργων
2988 5276 3153 5344 νόμου
3184 5291 3197 5306 ·
3266 5274 3355 5327 διὰ
3380 5274 3438 5345 τὸ
3495 5273 3754 5340 λεχθῆναι
3797 5271 3971 5322 ταῦτα

2390 5368 2701 5437 ἔμπροσθεν
2723 5368 2963 5428 πάντων,
2993 5367 3219 5434 γέγονεν
3266 5368 3297 5433 ἠ
3327 5365 3467 5417 κατὰ
3509 5366 3803 5432 πρόσωπον
3876 5365 3970 5411 Ξεν-

2389 5461 2653 5522 τίστασις.
2707 5461 2857 5512 Ἐπεὶ
2893 5461 3056 5529 ἐγρῆν
3130 5460 3285 5528 εἴπερ
3336 5461 3443 5530 ἄρα
3488 5475 3543 5509 τι
3607 5458 3829 5524 cgita:
3882 5451 3972 5523 ἦν,

2397 5555 2516 5605 κατ’
2554 5553 2687 5605 ίδίαν
2714 5553 3008 5619 ἐγκαλέσαι
3044 5553 3135 5604 καὶ
3165 5550 3582 5621 διορθώσασθαι,
3612 5550 3706 5601 τοῦ
3764 5549 3969 5617 Κυρίου

2393 5644 2661 5710 λέγοντος·
2714 5662 2731 5695 t
2768 5642 2893 5695 Ἐὰν
2947 5642 3165 5713 ἁμάρτῃ
3216 5642 3243 5694 6
3299 5641 3523 5708 ἀδελφός
3584 5656 3697 5700 σου,
3752 5635 3972 5703 ἔλεγξον
