4192 6458
195 393 336 456 1117

1227 396 1613 455 COMMENT.
1648 364 1727 453 ιν
1764 396 1998 456 EPIS'i‘.
2028 400 2124 457 .iu
2165 401 2209 456 ‹·,
2237 404 2310 459 ιι.
2330 404 2408 457 νιν

3322 406 3462 471 1118

191 530 295 574 τας
325 509 487 566 εἶναι.
515 512 881 584 «Παραὸάτην
900 514 1136 584 ὲμαυτδν
1173 515 1517 585 συνίστημι.»
1541 515 1636 568 Ἐκ
1667 515 1775 583 γὰρ

1882 516 2239 570 adiimt‘ercnl.
2269 538 2286 569 ι
2328 525 2795 588 transgressurum
2827 522 3093 590 meipsum
3120 523 3456 579 constituo.»

191 605 291 656 τοῦ
319 604 482 656 πάλιν
513 603 891 673 πείθεσθαιτῷ
919 604 1089 675 νόμῳ,
1135 604 1366 658 δεικνύω
1387 607 1468 658 ὅτι
1497 606 1571 668 ὡς
1598 622 1780 674 παρα-

195 693 393 761 ϐάτης,
413 693 577 746 αὑτὸν
590 693 650 745 τὸ
666 693 886 762 πρῶτον
908 697 1088 755 εἴασα,
1110 698 1202 748 καὶ
1223 696 1442 765 Χριστῷ
1460 697 1777 749 ἐπίστευσα.

202 807 221 838 s
244 786 391 853 Ἐγὼ
416 787 542 856 γάρ.
575 805 592 836 ι
632 786 791 854 Ἐγὼ,
831 788 1195 857 φησὶνξαὼῷ
1222 787 1299 858 τῷ
1329 789 1477 857 νόμῳ
1515 789 1777 853 πεισθεὶς,

198 881 395 949 νεκρὸν
447 878 683 947 ἐμαυτὸν
723 879 799 949 τῷ
821 880 974 949 νόμῳ
1002 880 1333 949 κατέστησα.
1378 881 1436 933 Ὀ
1470 880 1633 950 νόμος
1673 884 1779 948 γὰρ

201 988 296 1038 μοι
327 972 418 1022 τὸν
471 972 706 1040 Χριστὸν
737 972 1110 1041 προεμήνυσε,
1155 973 1248 1025 καὶ
1305 973 1501 1042 ἐκείνῳ
1530 972 1630 1040 μέν
1665 973 1781 1039 είμι

195 1062 393 1130 νεκρὸς
462 1062 584 1115 (οὐκ
642 1061 719 1113 ἔτι
774 1065 884 1130 γὰρ
913 1063 1058 1114 -κατ’
1110 1065 1318 1116 ἐκεῖνον
1375 1062 1777 1133 πολιτεύομαι),

196 1155 309 1214 τοῖς
333 1152 390 1204 δὲ
415 1152 606 1204 τούτου
658 1152 920 1220 δόγμασιν
966 1153 1191 1222 ἕπομαι.
1242 1171 1258 1203 ι
1286 1152 1387 1206 Διὰ
1419 1153 1586 1223 νόμου
1632 1156 1780 1224 νόμῳ

197 1244 495 1297 ἀπέθανον.
535 1264 553 1295 ι
612 1246 681 1296 Ἦ
722 1243 811 1297 διὰ
870 1244 964 1297 τοῦ
1016 1245 1181 1313 νόμου
1243 1244 1337 1297 τοῦ
1395 1246 1777 1313 εὐαγγελικοῦ,

195 1337 473 1389 ἀπέθανον
509 1336 586 1405 τῷ
608 1338 851 1390 Μωσέως
903 1338 1079 1407 νόμῳ.
1118 1337 1239 1400 Πῶς
1275 1338 1368 1391 οὖν
1406 1341 1432 1390 ὀ
1481 1341 1779 1409 νεκρωθεὶς

198 1430 296 1480 καὶ
343 1429 723 1497 ἁνενεργήτως
772 1427 915 1496 ἔχων
946 1427 1081 1497 πρὸς
1104 1428 1290 1490 αὐτὸν,
1323 1429 1545 1495 φυλάξω
1578 1431 1775 1495 aiat/tv;

198 1521 271 1571 ‘ll
297 1520 389 1573 διὰ
414 1520 505 1571 τοῦ
542 1523 708 1588 νόμου
743 1519 934 1583 αὐτοῦ,
965 1523 1059 1572 καὶ
1088 1522 1198 1573 τῶν
1225 1523 1283 1573 ὲν
1322 1521 1472 1591 αὐτῷ
1500 1523 1779 1593 δυσχερῶν

198 1613 659 1681 παρατηρήσεων,
723 1613 917 1681 νεκρὸς
978 1612 1181 1679 γέγονα
1207 1616 1272 1682 τῇ
1303 1613 1551 1684 ἁμαρτίᾳ
1589 1614 1655 1665 δι’
1683 1616 1779 1667 αὑο

197 1706 313 1757 τοῦ.
344 1702 492 1774 Ἀρα
525 1703 620 1758 οὖν
670 1705 761 1758 τὸν
813 1705 1222 1758 ἀποκτείναντα
1269 1706 1562 1772 φυλάττειν
1586 1706 1777 1769 ἄξιον,

204 1818 225 1848 s
258 1796 378 1848 Ἵνα
428 1796 547 1865 Θεῷ
601 1796 770 1865 ζήσω.
802 1814 820 1847 ι
882 1794 1168 1858 Τουτέστι,
1210 1796 1630 1864 τὴννάοάνατον
1682 1798 1781 1850 καὶ

196 1886 577 1957 ἀγήρωζωήν.
625 1905 644 1937 ι
669 1885 761 1957 Τῷ
790 1886 1014 1957 Χριστῷ
1054 1906 1073 1937 ι
1109 1887 1194 1939 διὰ
1232 1888 1326 1939 τοῦ
1398 1887 1781 1955 βαπτίσματος

203 1995 225 2029 ι
260 1978 736 2048 συνεσταύρωμαι.
767 1997 785 2029 ι
841 1978 899 2031 Ὀ
941 1979 1123 2031 τοίνυν
1153 1980 1315 2048 νόμος
1368 1980 1428 2032 τὸ
1487 1980 1576 2033 ἐπ’
1631 1981 1781 2051 αὐτῷ

198 2072 551 2134 ἀπέκτεινεν,
613 2074 641 2124 ὁ
696 2071 753 2123 δὲ
803 2071 1037 2139 Χριστὸς
1094 2071 1458 2142 ὲζωοποίησε.
1516 2073 1638 2134 Πῶς
1688 2069 1780 2127 οὖν

199 2162 458 2230 φυλάττω
511 2162 599 2216 τὸν
657 2165 863 2233 νόμονς
901 2162 1032 2216 «Ζῶ
1052 2163 1111 2235 δὲ
1148 2164 1249 2217 οὐκ
1302 2165 1382 2216 ἔτι
1443 2164 1575 2231 ἐγώ.
1606 2185 1624 2216 ι
1680 2167 1780 2221 Διὰ

200 2260 297 2325 τῆς
334 2255 474 2324 μετὰ
526 2255 700 2308 ταῦτα
755 2254 1032 2319 πολιτείας
1060 2299 1073 2321 ,
1101 2256 1170 2309 δι’
1199 2252 1267 2328 ἦς
1295 2258 1575 2329 ὲνεκρώοη
1609 2258 1780 2311 αὐτοῦ

196 2351 266 2401 τὰ
299 2350 454 2419 μέλη.
493 2370 511 2399 ‹
540 2350 872 2419 Νεκρὼσατε
900 2349 1031 2418 γὰρ,
1057 2349 1210 2420 φησι,
1246 2350 1314 2402 τὰ
1349 2349 1485 2419 μέλη
1521 2351 1674 2419 ὑμῶν
1713 2351 1781 2404 τὰ

197 2442 292 2495 ὲπὶ
322 2444 444 2509 γῆς.
478 2462 497 2493 ι
530 2473 599 2482 -
641 2461 659 2493 ι
697 2443 756 2496 Ὀ
777 2442 834 2495 δὲ
857 2431 1096 2513 Χριστὺξ
1156 2440 1223 2511 ζῇ
1256 2444 1313 2494 ἐν
1350 2442 1493 2511 ἐμοί.
1530 2462 1546 2493 ι
1600 2443 1781 2512 Ἑνερ-

204 2535 338 2601 τῶν.
384 2535 538 2601 φησι,
594 2535 893 2598 δεσπόζων.
927 2535 1104 2587 πάντα
1139 2552 1231 2604 μοι,
1264 2535 1423 2597 αὐτὸς
1455 2535 1771 2604 γενόμενος·

199 2626 255 2675 ἐν
286 2623 463 2691 τούτῳ
490 2622 547 2673 δὲ
578 2622 643 2690 ζῇ
674 2624 738 2674 ὲν
773 2623 919 2691 ἐμοὶ,
989 2623 1067 2693 τῷ
1125 2623 1293 2692 μηδὲν
1337 2623 1584 2690 γίνεσθαι
1649 2625 1779 2694 παρ’

197 2718 334 2786 ἐμοῦ
420 2717 527 2769 τῶν
580 2718 654 2786 μὴ
689 2716 994 2769 δοκούντων
1042 2716 1213 2787 αὐτῷ.
1259 2736 1277 2768 ι
1304 2720 1368 2770 Ὃ
1392 2718 1449 2769 δὲ
1478 2717 1573 2770 νῦν
1620 2717 1696 2781 ζῶ
1720 2721 1778 2771 ἐν

201 2807 385 2876 σαρκί.
415 2826 434 2857 ι
472 2808 583 2860 Καὶ
620 2807 682 2859 οὐ
715 2808 897 2877 μόνον,
950 2811 1103 2877 φησὶ,
1154 2808 1253 2877 τὴν
1284 2808 1481 2878 νοητὴν
1511 2808 1659 2874 ζωὴν
1687 2808 1776 2862 διὰ

197 2898 289 2951 τδν
336 2898 573 2968 χριστὸν
627 2897 724 2962 ζῶ,
788 2898 923 2951 ἀλλὰ
984 2900 1076 2951 καὶ
1122 2900 1225 2968 τὴν
1272 2901 1559 2969 αἰσθητήν.
1613 2903 1774 2967 Πῶςς

209 2991 347 3043 Ὑπὸ
413 2991 719 3058 ἀπόφανσιν
770 2990 920 3052 ὄντες
946 2989 1033 3042 διὰ
1062 2989 1155 3041 τὸν
1212 2990 1395 3058 νόμον,
1453 2991 1778 3061 ἐμέλλομεν,

200 3086 353 3151 φησι,
394 3084 482 3135 καὶ
533 3083 814 3153 σαρκικῶς
843 3082 1211 3152 ἀποθνήσκειν
1246 3083 1323 3147 ὡς
1356 3085 1452 3137 ἐπὶ
1480 3084 1575 3137 τοῦ
1607 3103 1779 3138 κατα-

1885 606 2012 678 Lc-gi
2045 611 2236 663 itermn
2270 610 2719 680 οὺιειιψιιτιιηάυ.
2749 612 2983 666 ostendo
3016 612 3160 682 quod
3196 621 3455 681 tanquam

1886 710 2263 769 transgressor
2316 705 2490 772 ipsam
2569 708 2802 773 primum
2862 704 3078 759 deserui
3134 720 3196 758 ac
3241 705 3459 759 Christo

1883 791 2112 844 credidi.
2158 810 2176 843 ι
2239 791 2351 859 Ego
2372 791 2542 846 enim.
2582 812 2599 843 ι
2639 794 2770 861 Ego,
2806 794 3006 862 inquit,
3040 793 3144 859 legi
3177 794 3458 862 obtempe-

1883 882 2077 947 raudu,
2108 885 2368 938 constitui
2408 886 2674 953 meipsum
2706 888 2804 955 legi
2838 896 3138 939 intortuum.
3173 886 3454 953 Siqui-lem

1884 973 1968 1025 lex
2008 974 2142 1026 mihi
2196 973 2478 1029 Christum
2532 975 2881 1045 prmsiguzmt
2944 992 2957 1026 :
3010 985 3063 1028 et
3107 977 3182 1027 illi
3239 974 3456 1043 quidem

1883 1076 2132 1119 mortuus
2158 1081 2299 1123 sum.
2322 1068 2446 1134 quia
2476 1068 2628 1135 juxta
2664 1068 2812 1119 illam
2835 1067 2947 1134 jam
2988 1082 3096 1119 non
3131 1080 3456 1124 eonversor,

1883 1154 2044 1225 hujus
2083 1173 2210 1209 vero
2235 1156 2485 1225 dogmata
2516 1174 2736 1227 sequor.
2779 1156 2913 1210 «Per
2956 1158 3125 1225 legem
3165 1157 3263 1223 legi
3309 1171 3456 1208 mor-

1884 1256 2011 1300 tuus
2043 1265 2183 1302 sum.
2229 1267 2246 1299 ι
2290 1250 2397 1300 Aut
2436 1265 2529 1317 per
2561 1250 2730 1318 legem
2778 1249 3148 1316 evangelieam
3209 1257 3458 1301 uertuus

1884 1355 2004 1394 sum
2051 1340 2150 1407 legi
2214 1339 2372 1394 Mosi.
2432 1341 2720 1404 Quomodo
2769 1342 2932 1409 igitur
2970 1339 3354 1400 mortiﬁcatus,
3391 1356 3456 1392 ac

1884 1429 2109 1498 perimle
2141 1446 2225 1483 me
2291 1432 2354 1482 ad
2395 1430 2541 1482 illam
2598 1431 2800 1483 habens
2836 1431 2990 1497 quasi
3030 1430 3148 1497 ejus
3184 1430 3330 1481 nulla
3389 1430 3453 1481 sit

1884 1521 2118 1585 utilitas,
2151 1523 2383 1573 servabo
2437 1522 2610 1590 ipsam
2636 1523 2658 1572 ‘!
2691 1521 2797 1573 Aut
2843 1536 2937 1588 per
2966 1520 3140 1587 ipsam
3179 1520 3351 1588 legem
3393 1533 3458 1571 ac

1882 1626 2075 1679 graves
2109 1610 2527 1665 observationes
2557 1627 2747 1664 eorum
2784 1626 2906 1679 qua:
2940 1611 2992 1663 in
3032 1611 3149 1679 ipsa
3204 1612 3457 1663 contine-

1885 1703 2106 1767 hautur,
2150 1703 2313 1774 735
2370 1714 2620 1757 mortuus
2687 1720 2807 1757 sum
2870 1711 3096 1773 peccato
3126 1718 3222 1770 per
3260 1703 3455 1768 ipsam.

1885 1794 2022 1849 Num
2051 1798 2217 1861 igitur
2245 1811 2461 1864 aequum
2494 1804 2579 1849 est
2612 1809 2828 1849 servare
2866 1810 2985 1849 eam
3016 1810 3137 1864 qua:
3165 1792 3461 1847 interimit?

1891 1908 1909 1941 ι
1949 1888 2018 1942 Ut
2048 1888 2155 1941 Dio
2206 1892 2464 1950 viverem,
2507 1908 2526 1939 ι
2587 1902 2781 1956 nempe
2811 1888 3131 1948 imumrtali,
3164 1895 3218 1940 et
3247 1895 3457 1939 aeterna

1884 1982 2011 2034 vita.
2045 2000 2061 2030 ι
2099 1977 2213 2032 Una
2243 1994 2367 2033 cum
2400 1978 2624 2032 Christo
2658 1978 2957 2033 cruciﬁxus
2995 1990 3140 2042 sum,
3180 1995 3197 2028 ι
3236 1991 3332 2047 per
3362 1976 3460 2029 ba-

1886 2077 2166 2144 ptismum.
2188 2073 2296 2127 Lex
2337 2074 2522 2141 igitur,
2548 2073 2764 2142 quodin
2798 2088 2857 2127 se
2874 2080 3013 2134 erat,
3046 2071 3272 2136 occidit,
3300 2071 3463 2126 Chri-

1884 2176 2002 2221 stus
2033 2174 2211 2218 autem
2246 2167 2541 2219 vivilicavit
2579 2183 2594 2220 :
2630 2166 2904 2234 quomodo
2938 2180 3073 2234 ergo
3115 2166 3348 2220 servilbo
3380 2166 3458 2216 le-

1884 2258 2045 2328 gem?
2084 2278 2099 2307 ι
2141 2257 2246 2310 5νά
2274 2257 2395 2309 vivo
2423 2257 2535 2325 jam
2563 2273 2667 2310 non
2703 2273 2823 2327 ego.
2868 2276 2886 2309 ι
2937 2255 3044 2310 Per
3073 2257 3458 2310 conversatio-

1883 2367 2003 2405 nem
2036 2367 2155 2419 qua:
2200 2351 2298 2403 iste
2351 2353 2736 2419 consequitur,
2772 2367 2882 2420 qua
2919 2359 3136 2404 mortua
3167 2360 3295 2404 sunt
3359 2365 3459 2403 sua

1884 2444 2146 2495 membra.
2206 2442 2297 2496 Ait
2328 2442 2514 2495 enim:
2556 2460 2573 2491 ι
2628 2441 2950 2495 Mortiﬁcate
2974 2441 3219 2494 membra
3280 2447 3459 2492 vestra

1883 2533 2161 2587 terrestria
2182 2532 2222 2586 ⁸.
2266 2550 2284 2582 ι
2326 2562 2391 2570 ——
2419 2552 2435 2582 ι
2466 2530 2615 2585 Vivit
2650 2541 2828 2587 autem
2893 2534 2947 2587 in
2998 2550 3083 2587 me
3122 2533 3399 2588 Christus.
3435 2550 3455 2583 ι

1881 2624 2168 2693 Operatnr,
2208 2625 2548 2689 dominator,
2583 2626 2767 2679 omnia
2804 2627 3021 2679 tandem
3060 2625 3114 2680 in
3144 2640 3229 2679 me
3254 2624 3459 2679 factus.

1880 2716 1984 2769 Per
2011 2715 2115 2769 hoc
2150 2723 2333 2769 autem
2369 2716 2504 2769 vivit
2560 2717 2613 2769 in
2644 2732 2748 2779 me,
2780 2716 2926 2780 quod
2957 2716 3094 2769 nihil
3142 2716 3193 2769 in
3231 2731 3315 2769 me
3369 2715 3462 2768 ﬁat

1880 2824 2098 2871 eorum,
2145 2824 2265 2877 qua:
2295 2810 2363 2860 ab
2386 2824 2451 2861 eo
2487 2824 2595 2861 non
2630 2808 3030 2877 approbantur.
3088 2825 3108 2857 ι
3150 2806 3326 2859 Vitam
3356 2821 3460 2859 au-

1884 2912 1988 2957 tem
2021 2916 2183 2970 quam
2218 2916 2365 2955 nunc
2423 2902 2546 2954 vivo
2572 2903 2625 2954 in
2669 2916 2857 2954 carne.
2918 2919 2937 2952 ι
2973 2898 3085 2954 Nec
3135 2900 3338 2961 solum,
3376 2900 3461 2952 in-

1882 2993 2024 3060 quit,
2059 2991 2415 3044 iutellectnali
2449 2992 2557 3042 vita
2590 2998 2815 3059 propter
2846 2988 3132 3043 Christum
3179 2989 3327 3051 vivo,
3367 3002 3462 3041 ve-

1884 3097 2005 3135 rum
2036 3081 2197 3135 etiam
2230 3083 2513 3135 seusitiva.
2546 3081 2795 3145 Quonam
2828 3079 3032 3133 modo?
3059 3078 3197 3131 Cum
3236 3086 3463 3147 propter

201 3177 467 3245 κλυσμοῦ·
515 3177 573 3225 Ὅ
597 3177 653 3230 δὲ
704 3178 940 3246 Χριστὸς
999 3177 1099 3245 ζῇν
1156 3178 1307 3244 ἡμᾶς
1374 3178 1621 3245 ἐποίησε,
1668 3178 1769 3243 τῇς

1881 3174 2079 3242 legem,
2115 3174 2315 3240 inquit,
2350 3174 2630 3225 sententizc
2654 3186 2903 3224 essemus
2928 3171 3177 3233 obnoxii,
3213 3169 3458 3222 luturum

200 3272 341 3340 ἀρᾶς
399 3269 493 3321 τοῦ
559 3269 728 3337 νόμου
788 3269 1230 3338 λυτρωσάμενος.
1270 3269 1517 3321 Ὥστεοὺ
1560 3268 1773 3340 μόνονὴ

199 3359 364 3429 νοητὴ
394 3359 528 3427 ζωὴ,
565 3359 701 3411 ἀλλὰ
727 3359 821 3409 καὶ
851 3359 884 3425 ὴ
909 3356 1166 3425 αἰσθητὴ,
1192 3356 1279 3408 διὰ
1305 3356 1402 3425 τὴν
1426 3358 1506 3417 είς
1536 3358 1774 3427 Χριστὸν

201 3451 389 3504 πίστιν
421 3450 671 3521 ἐδωρήθη
693 3452 845 3520 ἡμῖν.
881 3448 1007 3511 Πῶς
1038 3443 1129 3500 οὖν
1164 3447 1327 3500 πάλιν
1360 3448 1775 3516 ὑποστρέφομεν

200 3544 335 3613 πρὸς
396 3543 485 3595 τὸν
526 3543 725 3611 νόμονς
790 3560 809 3593 ι
839 3540 951 3594 Καὶ
1009 3541 1346 3610 παραδόντος
1394 3540 1586 3592 ἑαυτὸν
1637 3540 1777 3609 ὑπὲρ

202 3636 357 3703 ἐμοῦ.
390 3654 408 3686 ›
445 3636 518 3687 Τὸ
548 3635 725 3688 κοινὸν
784 3635 913 3686 ίδιον
950 3634 1212 3694 ποιεῖται.
1245 3632 1460 3695 δεικνὺς
1506 3631 1777 3699 τοσαύτην

198 3727 431 3779 ἕκαστον
465 3726 573 3777 δεῖν
624 3725 913 3793 ὁμολογεῖν
959 3724 1120 3794 χάριν
1143 3722 1226 3793 τῷ
1262 3722 1508 3792 Χριστῷ,
1530 3722 1605 3785 ὡς
1636 3724 1684 3774 εί
1708 3721 1775 3774 δι’

200 3818 362 3870 absim
421 3818 578 3885 μόνον
607 3816 1048 3887 ὲνηνθρώπησεν.
1102 3818 1263 3870 (Οὐκ
1288 3816 1466 3868 ἀθετῶ
1515 3816 1612 3885 τὴν
1677 3816 1777 3884 χά-

203 3926 352 3979 ριν.»
394 3908 479 3972 Ὠς
526 3907 582 3960 οἵ
609 3924 673 3976 γε
736 3907 816 3960 ἔτι
868 3909 962 3960 καὶ
1010 3906 1107 3960 νῦν
1155 3904 1253 3959 τοῦ
1300 3905 1465 3975 νόμου
1526 3905 1778 3973 ἐχόμενοι

200 3999 454 4054 ἁθετοῦσι
494 4000 591 4071 τὴν
635 4001 724 4053 διὰ
774 3998 1013 4070 Χριστοῦ
1060 3999 1243 4070 χάριν.
1310 3998 1553 4052 Ἀθετεῖν
1574 3999 1631 4051 δέ
1657 4000 1773 4051 ἐστι

197 4093 258 4144 τὸ
303 4094 575 4155 ἀπιστεῖν,
605 4092 667 4145 τὸ
704 4091 1091 4157 ὲξευτελίζειν,
1123 4091 1185 4144 τὸ
1238 4090 1571 4155 διαπαίζειν.
1612 4090 1776 4161 Ὁρᾷς

200 4180 310 4232 ποῦ
361 4181 604 4250 ἀνήγαγε
636 4180 726 4233 τὸν
758 4180 957 4249 λόγονς
993 4200 1011 4231 ι
1038 4180 1099 4233 Ei
1125 4181 1234 4249 γὰρ
1260 4180 1347 4232 διὰ
1377 4179 1543 4250 νόμου
1571 4180 1777 4232 δικαιο-

204 4272 361 4341 σύνη.
396 4291 414 4322 ι
454 4273 515 4325 Ei
546 4273 653 4342 γὰρ
682 4274 711 4325 ὁ
762 4272 946 4342 νόμος,
981 4275 1136 4342 φησι,
1182 4271 1377 4336 σώζειν
1404 4273 1502 4325 καὶ
1531 4271 1777 4326 δικαιοῦν

203 4364 378 4432 ίσχύει
423 4402 439 4426 ,
497 4365 526 4416 δ
589 4364 821 4434 Χριστὸς
876 4365 1053 4435 μάτην
1115 4364 1378 4418 ἀπέθανε.
1458 4364 1559 4416 Διὰ
1618 4364 1776 4417 τοῦτο

200 4454 310 4523 γὰρ
333 4453 649 4523 παρέδωκεν
689 4454 903 4517 ἑαυτὸν,
934 4454 1011 4517 ὡς
1035 4454 1127 4506 τοῦ
1163 4454 1329 4524 νόμου
1365 4454 1439 4525 μὴ
1470 4456 1771 4536 ἰσχύοντος,

1878 3273 1993 3319 erat
2034 3273 2093 3316 ut
2155 3264 2319 3316 etiam
2368 3264 2664 3316 carnaliter
2710 3277 3055 3317 moreremur
3107 3268 3370 3329 tanquam
3409 3259 3462 3312 in

1879 3356 2117 3427 quodam
2154 3354 2382 3409 diluvio.
2422 3353 2665 3406 Christo.
2730 3364 2912 3406 autem
2949 3353 3133 3405 vivere
3182 3366 3281 3403 nos
3333 3348 3464 3404 fecit

1879 3464 1907 3500 a
1937 3448 2070 3516 legis
2099 3445 2485 3499 maledictione
2520 3444 2803 3498 liberatos.
2848 3443 3020 3512 Igitur
3059 3456 3169 3496 non
3218 3440 3465 3496 intellec-

1881 3540 2045 3592 tualis
2088 3538 2249 3589 modo
2279 3538 2412 3597 vita,
2442 3536 2535 3589 sed
2558 3544 2612 3589 et
2646 3535 2909 3588 sensitiva
2936 3534 3094 3588 nobis
3128 3533 3331 3586 donata
3380 3543 3465 3587 est

1878 3646 1976 3701 per
2016 3630 2174 3685 ﬁdem
2216 3644 2337 3699 quae
2370 3629 2423 3681 in
2467 3628 2751 3682 Christum
2781 3637 2884 3682 est.
2946 3624 3234 3691 Quomodo
3300 3626 3465 3695 igitur

1878 3739 2098 3779 rursum
2134 3722 2472 3793 postliminio
2512 3731 2850 3776 revertemur
2875 3719 2942 3773 ad
2980 3720 3187 3790 legem?
3218 3738 3236 3769 ι
3262 3719 3328 3773 Ει
3356 3727 3466 3772 tra-

1878 3816 2016 3871 didit
2061 3814 2418 3884 semetipsum
2478 3829 2579 3883 pro
2612 3828 2718 3867 me.
2756 3831 2774 3864 »
2821 3811 2981 3877 Quod
3034 3826 3324 3866 commune
3356 3819 3463 3876 est,

1880 3907 2164 3977 proprium
2217 3906 2370 3967 facit,
2433 3906 2735 3960 ostendens
2792 3912 3004 3958 tantum
3039 3902 3338 3974 gratiarum
3374 3916 3465 3957 ac-

1879 3998 2050 4052 tionis
2076 4013 2351 4067 quemque
2401 3997 2603 4052 debere
2640 3996 2886 4056 Christo.
2917 4009 2981 4050 ac
3015 3994 3063 4049 si
3120 4002 3349 4065 propter
3380 3994 3463 4063 ip-

1881 4104 2002 4143 sum
2053 4087 2234 4140 solum
2273 4089 2439 4140 homo
2480 4086 2659 4141 factus
2715 4086 2933 4140 fuisset.
2975 4102 2993 4136 ι
3031 4081 3151 4137 Non
3197 4096 3466 4150 aspernor

1882 4180 2138 4248 gratiam.
2178 4196 2197 4228 ι
2242 4177 2528 4245 Tanquam
2567 4177 2620 4229 hi
2661 4177 2753 4245 qui
2813 4175 2992 4228 adhuc
3023 4175 3125 4242 legi
3159 4172 3459 4235 adhaerent,

1878 4270 2088 4325 Christi
2140 4271 2373 4339 gratiam
2426 4275 2816 4338 aspernentur.
2860 4264 3160 4334 Aspernari
3199 4277 3327 4318 vero
3377 4269 3466 4317 est

1880 4378 1991 4416 non
2025 4361 2274 4427 credere,
2303 4370 2613 4424 attenuare,
2652 4358 2911 4413 irridere.
2952 4356 3121 4410 Vides
3180 4370 3291 4422 quo
3342 4369 3463 4409 ser-

1881 4466 2097 4506 monem
2125 4450 2435 4504 deduxerit.
2470 4448 2635 4502 «Nam
2671 4450 2714 4502 si
2754 4464 2849 4517 per
2877 4449 3048 4516 legem
3091 4446 3359 4515 iustitia.»
3404 4444 3463 4498 Si

201 4544 288 4596 ἴνα
331 4546 493 4607 αὐτὸς
546 4544 694 4616 σώσῃ
745 4545 833 4599 διὰ
878 4545 974 4598 τοῦ
1002 4545 1238 4599 θανάτου
1292 4544 1479 4598 αὑτοῦ.
1516 4545 1604 4608 Ὠς
1634 4544 1689 4596 εί
1710 4561 1773 4613 γε

1881 4544 2023 4597 enim
2050 4543 2136 4597 lex
2158 4542 2461 4611 justiﬁcare
2492 4550 2698 4610 posset,
2726 4540 2981 4594 Christus
3016 4538 3222 4592 frustra
3246 4546 3300 4591 et
3341 4537 3465 4591 sine

203 4634 408 4699 σώζειὸ
428 4637 616 4706 νόμος,
650 4636 903 4707 περιττὸς
924 4638 953 4689 ὁ
976 4636 1205 4699 θάνατος
1232 4636 1332 4689 τοῦ
1364 4636 1594 4706 Κυρίου.

1883 4650 2049 4690 causa
2102 4644 2355 4688 mortuus
2389 4643 2557 4687 esset.
2588 4632 2669 4687 0b
2712 4634 2764 4686 id
2800 4647 3038 4699 namque
3082 4632 3322 4699 seipsum
3354 4637 3455 4681 tra-

201 4731 364 4795 didit,
403 4741 483 4793 ut,
524 4732 669 4801 quod
700 4733 787 4786 lex
825 4747 935 4786 non
981 4740 1211 4801 poterat,
1254 4734 1372 4803 ipse
1412 4747 1514 4788 nos
1554 4747 1652 4789 sua
1685 4738 1861 4785 morte
1902 4731 2082 4784 salvos
2117 4728 2320 4785 faceret
2364 4747 2378 4783 :
2416 4728 2563 4800 quod
2595 4729 2640 4783 si
2675 4729 2758 4782 lex
2793 4728 2972 4783 salvos
3007 4726 3230 4790 faceret,
3266 4738 3461 4792 super-

200 4841 373 4879 vacua
398 4825 594 4881 fuisset
626 4840 772 4880 mors
800 4825 1036 4880 Domini.

804 4914 1055 4971 ΚΕΦΑΛ.
1098 4916 1174 4969 Δ¹.

274 5012 406 5061 ’Ὁτι
433 5007 531 5061 διὰ
560 5007 818 5071 πίστεως
837 5008 871 5060 ὁ
907 5006 1222 5076 ἁγιασμὸς,
1256 5008 1327 5062 οὐ
1353 5006 1453 5062 διὰ
1490 5008 1701 5077 νόμου.

269 5095 348 5152 Ὠ
378 5098 619 5163 ἀνόητοι
649 5094 940 5161 Γαλάται,
974 5096 1065 5163 τίς
1113 5095 1270 5164 ὑμᾶς
1326 5097 1667 5151 ἐϐάσκανεν
1703 5096 1777 5165 τῇ

199 5190 456 5254 ἀληθείᾳ
506 5187 593 5255 μὴ
656 5189 1006 5253 πείθεσθαι,
1070 5185 1160 5253 οἷς
1225 5188 1352 5241 κατ’
1428 5190 1779 5257 ὀφθαλμοὺς

215 5279 456 5347 Ἰησοῦς
506 5278 765 5346 Χριστὸς
812 5278 1155 5347 προεγράφη
1201 5279 1273 5332 ἐν
1308 5280 1453 5346 ὑμῖν
1483 5280 1781 5347 ἐσταυρω-

198 5375 420 5443 μένοςς
481 5370 661 5425 Τοῦτο
714 5373 908 5439 μόνον
950 5372 1104 5424 θέλω
1167 5372 1384 5440 μαθεῖν
1439 5371 1539 5440 ἀφ’
1589 5373 1777 5438 ὑμῶν,

203 5464 272 5528 ἐξ
306 5465 495 5533 ἔργων
545 5464 731 5530 νόμου
760 5461 1001 5515 ἐλάϐετε
1041 5463 1107 5515 τὸ
1133 5463 1389 5531 πνεῦμα,
1420 5462 1458 5530 ἢ
1497 5462 1565 5525 ἐξ
1589 5462 1780 5528 ἀκοῆς

205 5559 487 5619 πίστεως,
517 5556 706 5621 οὕτως
725 5556 973 5623 ἀνόητοί
990 5556 1155 5617 ἐστε,
1184 5554 1580 5624 ἐναρξάμενοι
1606 5555 1779 5607 πνεύ-

204 5665 365 5714 ματι.
392 5646 508 5699 νῦν
559 5647 738 5716 σαρκί
792 5647 1182 5701 ἐπιτελεῖσθε.
1222 5647 1495 5701 Τοσαῦτα
1527 5644 1779 5699 ἐπάθετε

318 5781 337 5810 ¹¹
374 5779 587 5836 {it-loss.
630 5799 709 5844 III,
738 5782 786 5839 :‘i.

2483 4910 2712 4965 CAPUT
2747 4909 2837 4965 ιν.

1879 5008 2033 5075 Quod
2054 5023 2140 5076 per
2166 5006 2319 5075 ﬁdem
2350 5005 2505 5067 fuerit
2538 5003 2914 5071 sanctiﬁcatio,
2941 5010 2991 5054 et
3023 5018 3127 5055 non
3154 5016 3247 5067 per
3276 5016 3462 5069 tegam.

1961 5097 2047 5161 Ill,
2088 5099 2209 5150 1-6.
2266 5096 2433 5149 Stulti
2459 5094 2685 5158 Ca'ata',
2734 5094 2848 5162 quis
2872 5092 3060 5145 invidit
3105 5092 3248 5145 vobis
3283 5108 3344 5143 ne
3374 5090 3461 5144 ob-

1877 5189 2238 5255 temperantis
2264 5227 2277 5249 ,
2310 5196 2359 5241 et
2391 5186 2669 5239 crederetis
2699 5186 2911 5237 veritati
2932 5225 2946 5245 ,
2987 5184 3174 5253 quibus
3191 5198 3462 5251 pracocu.

1880 5277 1949 5332 Iis
1972 5278 2130 5332 Iesus
2166 5278 2407 5333 Christus
2445 5277 2547 5345 fuit
2588 5275 2848 5344 depictus,
2885 5274 3207 5344 736inter
3236 5290 3323 5327 vos
3341 5288 3463 5325 cru-

1880 5372 2108 5439 cifixus?
2171 5370 2280 5423 Hoc
2344 5369 2516 5422 solum
2580 5369 2736 5435 cupio
2802 5368 3007 5419 discere
3060 5383 3093 5419 a
3157 5366 3301 5418 robis
3344 5378 3362 5416 :
3398 5378 3463 5415 es:

1883 5463 2125 5530 operibus
2165 5461 2293 5531 legis
2320 5459 2583 5528 Spiritum
2610 5459 2908 5527 accepistis,
2934 5475 3003 5510 an
3031 5472 3096 5511 ea:
3120 5455 3460 5523 praedicatio--

1881 5571 1943 5608 ne
1979 5554 2101 5621 ﬁdei
2126 5555 2152 5608 .’
2192 5553 2332 5606 Adeo
2378 5553 2529 5607 stulti
2580 5552 2731 5613 estis,
2766 5567 2885 5604 eum
2927 5548 3130 5619 Spiritu
3169 5548 3457 5616 ceperitis.

1885 5663 2024 5700 nunc
2058 5661 2213 5699 carne
2245 5642 2736 5699 consutmuamiui?
2770 5641 2898 5695 Tum
2943 5642 3110 5696 multa
3164 5640 3308 5710 passi
3334 5644 3461 5695 estis
