4192 6458
166 463 299 530 11'21

1192 453 1581 517 COMMENT.
1618 449 1696 509 ΙΝ
1739 448 1982 508 EPIST.
2024 448 2121 507 AD
2164 448 2431 509 GALAT.

3294 447 3317 511 1
3334 446 3433 512 1'22

175 576 269 642 Ἐξ
310 568 391 629 ὧν
418 574 773 628 ἐπετελέσατε
805 570 1070 643 σημείων,
1117 569 1362 639 ὀφείλετε
1410 567 1615 635 γνῶναι
1656 564 1756 631 τὴν

1886 576 2001 623 ιη’.»
2039 560 2139 615 hoc
2172 571 2278 626 est,
2322 561 2560 630 polentia
2598 560 2751 632 signa
2803 562 2856 617 in
2889 560 3043 618 vobis
3072 560 3269 616 edicit:
3305 580 3432 618 nutu

165 668 399 737 δύναμιν
423 669 521 736 τῆς
546 666 806 728 πίστεως.
839 664 987 733 Πλὴν
1026 662 1113 716 καὶ
1149 662 1285 733 πρὸς
1312 660 1402 714 τὸν
1428 658 1752 730 προπάτορα

178 760 434 831 Ἀδραὰμ
493 760 737 821 ἀπίδετε,
786 758 865 811 ὅτι
914 758 1007 809 καὶ
1061 756 1221 820 αὐτὸς
1284 757 1349 808 ὲκ
1384 753 1620 816 πίστεως
1644 752 1751 805 ἐδι-

168 851 405 922 καιώθη.

784 1037 1037 1090 ΚΕΦΑΛ.
1077 1036 1151 1087 Ε’.

174 1134 299 1189 Ὀτι
324 1131 425 1187 καὶ
467 1132 719 1199 Ἀὔραὰμ
747 1131 812 1181 ἐκ
831 1132 1089 1266 uisitauit;
1122 1125 1435 1192 ἐδικαιώθη
1459 1126 1545 1189 είς
1564 1125 1755 1176 τύπον

862 1246 870 1253 .
956 1216 1105 1266 μων.

862 1246 870 1253 .
918 1216 1105 1268 ημων.

250 1295 586 1349 Γινώσκετε
615 1292 727 1359 ἄρα
757 1291 842 1345 ὅτι
872 1294 925 1344 ol
955 1292 1023 1344 ἐκ
1062 1289 1343 1354 πίστεως,
1382 1283 1549 1342 οὗτοί
1601 1290 1756 1339 εἰσιν

173 1386 295 1439 υἱοὶ
356 1383 633 1454 Ἀϐραάμ.
696 1381 1039 1451 Προῖδοῦσα
1086 1380 1153 1434 δὲ
1216 1383 1252 1447 ἡ
1296 1380 1530 1448 Γραςεὴ,
1574 1379 1659 1431 ὅτι
1687 1379 1756 1430 ἑκ

176 1477 438 1538 πίστεως
488 1474 705 1526 δικαιοῖ
758 1473 830 1526 τὰ
857 1472 1003 1539 ἔθνη
1037 1474 1069 1525 d
1132 1470 1296 1533 Θεὸς,
1330 1469 1757 1535 προευηγγελί-

176 1581 331 1619 σατο
354 1565 433 1629 τῷ
470 1564 748 1633 Ἀϐραὰμ,
783 1563 871 1616 ὅτι
904 1560 1525 1631 Ἐνευλογηθήσονται
1551 1560 1620 1612 ἐν·
1659 1558 1759 1611 σοὶ

178 1656 381 1709 πάντα
410 1655 480 1709 τὰ
501 1656 667 1722 ἔθνη.
713 1657 894 1709 Ὥστε
920 1657 973 1707 οἱ
1014 1656 1083 1707 ἐκ
1111 1657 1369 1718 πίστεως
1434 1652 1752 1720 salo-peiur-

177 1766 273 1802 ται
304 1748 427 1802 σὺν
450 1747 528 1812 τῷ
555 1746 751 1812 πιστῷ
803 1747 1083 1817 Ἀϐραάμ.

266 1838 483 1905 Ἐπειδὴ
512 1838 875 1891 ἐδεδοίκεισαν
928 1839 1149 1906 ἀφεῖναι
1179 1839 1270 1891 τὸν
1303 1838 1486 1906 νόμον,
1524 1837 1597 1906 μή
1648 1852 1765 1898 πως

1854 665 1950 719 per
1982 652 2112 721 legis
2148 666 2338 721 opera,
2376 652 2487 707 haee
2520 651 2673 714 facit,
2719 651 2934 721 inquit?
2966 651 3040 707 Ex
3082 668 3148 706 eo
3180 652 3323 722 quod
3358 655 3434 707 si—

1857 757 1961 811 gna
1990 742 2255 808 edeltatis,
2290 742 2621 799 deliuissetis
2669 743 2792 798 lidei
2842 745 3138 812 potentiam
3224 759 3433 814 cogno-

1858 848 2033 888 scere.
2055 833 2261 888 Tamen
2293 837 2374 889 vel
2403 835 2469 889 ad
2508 836 2915 905 progenitorem
2948 835 3224 892 Abraham
3261 838 3431 907 respi-

1857 928 1987 993 cite,
2019 929 2281 998 quoniam
2328 938 2379 983 et
2408 929 2525 1000 ipse
2557 945 2621 983 ex
2658 929 2761 982 ﬁde
2784 930 3121 997 justiticatus
3154 940 3259 986 est.

2480 1020 2709 1076 CAPUT
2754 1020 2813 1075 Υ.

1865 1112 2017 1179 Quod
2070 1110 2335 1165 Abraltam
2399 1129 2462 1165 ex
2517 1115 2619 1180 [ide
2665 1114 3002 1183 justi/icatus
3046 1116 3113 1168 sit
3162 1116 3214 1168 in
3274 1116 3439 1168 nostri

2551 1194 2753 1253 typunu

1934 1274 2021 1335 ill,
2060 1274 2172 1328 7-9.
2201 1274 2360 1328 Scitis
2394 1276 2557 1344 igitur
2574 1277 2711 1344 quod
2744 1280 2831 1345 qui
2859 1294 2923 1330 ex
2947 1278 3052 1344 ﬁde
3086 1288 3226 1341 sunt,
3250 1278 3307 1329 Iti
3336 1276 3442 1330 sint

1864 1367 1963 1434 ﬁlii
1998 1368 2239 1419 Abi-altar.
2264 1366 2565 1424 Pra'ridetts
2591 1380 2765 1420 autem
2790 1368 3065 1435 Scriptura
3093 1386 3194 1438 quo
3214 1374 3226 1420 ί
3247 1386 3311 1422 ea:
3341 1370 3445 1437 [ide

1856 1459 2119 1526 justi/ieci
2164 1472 2341 1527 gentes
2380 1459 2537 1521 Deus,
2565 1464 2794 1528 primum
2827 1463 3163 1514 annuntiavit
3192 1461 3441 1525 Abt'altw,

1869 1548 2272 1613 Benetlicentur,
2300 1552 2559 1619 inquiens,
2592 1567 2684 1618 per
2725 1562 2770 1605 te
2819 1570 2996 1606 omnes
3027 1563 3223 1624 gentes.
3258 1552 3450 1620 Itaque

1867 1640 1957 1708 qui
1989 1656 2053 1693 ex
2076 1640 2179 1708 ﬁde
2205 1652 2352 1707 sunt,
2383 1644 2764 1696 benedicuntur
2789 1660 2906 1696 cum
2939 1645 3083 1713 ﬁdeli
3111 1644 3406 1700 Abt-altam.

1940 1825 2395 1894 Quauquuidem
2433 1827 2753 1879 metuebant
2804 1826 2976 1895 legem
3016 1825 3346 1894 relinquere,
3383 1840 3450 1878 ne

179 1930 284 1998 τῆς
311 1931 629 1998 συγγενείας
662 1930 938 1982 ἐπιπέσωσι
967 1929 1061 1982 τοῦ
1104 1931 1372 2001 Ἀϐραὰμ,
1407 1931 1487 1989 εἰς
1522 1929 1584 1980 τὸ
1614 1929 1767 1981 ἐναν-

1880 1921 2145 1985 ptomodo
2219 1934 2247 1971 a
2315 1918 2643 1987 cognatione
2700 1918 2934 1971 Ahralne
2994 1919 3335 1979 exciderent,
3394 1919 3449 1971 in

181 2022 299 2074 τίον
350 2020 667 2090 περιίστησι
713 2021 803 2073 τὸν
853 2019 1030 2089 λόγον.
1087 2021 1195 2084 Τὸ,
1256 2020 1401 2091 ἄρα,
1448 2020 1763 2088 τοιγαροῦν.

190 2134 208 2167 ι
244 2114 444 2167 Ὄτιοὶ
495 2116 559 2167 ἐκ
599 2114 856 2177 πίστεως.
898 2133 916 2166 ι
962 2106 1123 2167 Οὗτοι
1175 2114 1261 2167 διὰ
1318 2113 1478 2167 τοῦτο
1530 2114 1767 2183 μάλιστα

184 2206 395 2275 εἴχοντο
420 2205 512 2258 τοῦ
544 2205 734 2276 νόμου,
762 2206 822 2258 τὸ
855 2205 1082 2275 ἀρχαῖον
1112 2206 1278 2258 αὐτοῦ
1332 2204 1582 2259 δυσωπνύ
1593 2222 1767 2275 μενοι.

183 2297 343 2349 ϐέλει
382 2293 473 2349 οὖν
503 2296 674 2363 δεῖξαι
704 2297 785 2349 ὅτι
814 2298 845 2365 ἠ
880 2297 1063 2359 πίστις
1119 2297 1453 2367 ἀρχαιοτέρα
1484 2295 1578 2349 τοῦ
1602 2296 1768 2365 νόμου

186 2390 523 2458 καθίστηκε,
549 2390 644 2443 καὶ
667 2389 844 2461 ταύτῃ
882 2389 1119 2459 μάλιστα
1166 2392 1376 2446 ἄνωθεν
1398 2389 1473 2459 τῷ
1497 2390 1617 2460 Θεῷ
1646 2390 1773 2461 ἀρέ-

187 2485 442 2540 σκεσθαι.
479 2504 497 2536 ι
535 2485 1062 2556 Προευηγγελὶσατο.
1107 2505 1126 2537 ι
1173 2484 1261 2549 Ὠς
1293 2486 1436 2555 μέγα
1464 2484 1772 2552 τιλέγουσα

186 2575 415 2641 ἀγαθὸν,
446 2575 505 2626 τὸ
535 2577 598 2626 ὲκ
632 2574 868 2637 πίστεως
899 2575 1162 2641 σωθῆναι.
1196 2575 1367 2628 Τοῦτο
1386 2576 1493 2645 γὰρ
1524 2576 1675 2646 δηλοῖ
1688 2576 1770 2641 τὲ,

188 2667 770 2735 Προευηγγελίσατο.
858 2685 876 2718 ι
952 2667 1510 2739 Ἐνευλογηθήσονται
1576 2671 1634 2720 ἐν
1691 2670 1774 2722 σοὶ

189 2761 372 2812 πάντα
417 2762 485 2814 τὰ
542 2761 693 2833 ἔθνη.
748 2781 765 2813 ι
799 2762 893 2825 Τὸ,
931 2780 947 2812 ι
1008 2763 1096 2815 Ἐν
1129 2765 1234 2827 σοὶ,
1285 2783 1303 2814 ›
1340 2764 1638 2825 τουτέστιν,
1685 2765 1773 2817 Ἐν

187 2850 267 2918 τῷ
296 2850 575 2920 σπέρματί
610 2868 729 2915 σου,
763 2851 824 2914 ὃς
856 2853 970 2904 ἐστι
1003 2854 1259 2920 Χριστός.
1308 2854 1425 2915 Πῶς
1464 2855 1519 2907 δὲ
1570 2853 1777 2907 ὲνευλοο

189 2940 452 3007 γοῦνταις
502 2942 599 2993 Διὰ
637 2946 737 3012 τῆς
793 2943 1029 3006 πίστεως
1067 2943 1290 3014 δηλαδὴ,
1338 2941 1405 3015 ἧς
1456 2946 1696 3016 ἀρχηγὸς
1748 2949 1775 3000 ὁ

203 3031 479 3103 Ἀϐραὰμ.
528 3034 762 3088 Δύναται
811 3035 975 3098 δὲτὸ,
1033 3036 1103 3089 ἐν
1155 3037 1279 3099 σοι,
1309 3038 1402 3090 καὶ
1430 3038 1518 3089 διὰ
1554 3037 1653 3108 τὴν
1680 3038 1774 3090 ἀπ’

192 3124 363 3177 αὐτοῦ
426 3126 609 3177 πίστιν
665 3126 924 3181 νοεῖσθαι.
977 3128 1068 3193 Τὸ,
1125 3130 1182 3181 ὲν
1224 3130 1328 3190 σοὶ,
1365 3131 1505 3182 κατά
1539 3129 1773 3199 μίμησιν

1869 2014 2203 2067 contrarium
2222 2022 2521 2068 commutat
2540 2010 3043 2081 seruiettempra,
3059 2011 3109 2065 id
3135 2021 3238 2071 est,
3263 2014 3448 2081 igitur,

1870 2108 2070 2176 itaque.
2112 2125 2129 2156 ι
2162 2105 2316 2171 Quod
2340 2107 2433 2175 qui
2465 2121 2528 2158 cx
2556 2103 2681 2160 lide.
2718 2124 2736 2157 ι
2775 2103 2838 2158 lli
2873 2112 3097 2174 propter
3131 2103 3181 2157 id
3213 2102 3453 2156 maxime

1871 2199 1972 2267 legi
2013 2198 2389 2259 adhaerebant,
2428 2196 2572 2264 quod
2606 2195 2727 2265 ejus
2759 2198 3142 2263 antiquitatem
3179 2210 3246 2248 ac
3270 2202 3454 2249 vetus-

1872 2299 2037 2344 tatem
2069 2292 2118 2343 in
2146 2292 2449 2343 reverentia
2480 2288 2765 2342 haberent.
2799 2286 2926 2341 Vult
2954 2290 3141 2359 itaque
3159 2288 3456 2343 ostendere

1873 2382 2031 2437 ﬁdem
2067 2382 2236 2437 fuisse
2275 2382 2389 2452 lege
2419 2382 2812 2449 antiquiorem,
2844 2389 2897 2434 et
2918 2393 3043 2436 ante
3079 2382 3250 2451 ipsam
3285 2395 3453 2434 cous-

1873 2477 2071 2533 titisse,
2133 2476 2391 2543 quodque
2454 2474 2708 2541 primitus
2744 2490 2841 2543 per
2888 2474 3029 2527 hanc
3063 2474 3298 2527 maxime
3346 2470 3456 2527 Deo

1872 2570 2201 2639 placuerint.
2242 2569 2404 2640 738
2441 2589 2456 2619 ι
2495 2568 2737 2621 Primum
2773 2567 3119 2622 annuntiavit
3152 2565 3405 2620 Abrahae.
3430 2584 3450 2617 ι

1877 2662 2003 2715 Sive
2037 2679 2147 2715 rem
2187 2664 2360 2715 lanam
2398 2664 2692 2725 nuntiavit,
2750 2671 3011 2731 tauquam
3046 2676 3302 2729 maguum
3358 2658 3457 2713 ali-

1876 2757 2019 2825 quod
2056 2756 2244 2809 dicens
2273 2756 2503 2820 bonum,
2535 2771 2725 2821 nempe
2754 2756 2897 2824 quod
2932 2755 3036 2808 [ide
3066 2754 3250 2809 salvus
3280 2753 3453 2807 lieret.

1876 2846 2008 2901 Nam
2043 2848 2145 2900 hoc
2180 2847 2455 2916 signiﬁcat
2500 2846 2671 2900 dictio
2704 2846 3231 2917 προευηγγελίσατο.
3294 2863 3313 2896 ι
3360 2844 3460 2899 Βσο

1880 2943 2207 2993 uetliet-ntur
2240 2958 2335 3008 per
2364 2951 2413 2993 te
2438 2956 2629 2994 omnes
2662 2949 2874 3010 gentes.
2918 2959 2937 2991 ι
2979 2939 3132 3005 Quod
3169 2938 3245 2992 ait
3280 2936 3385 2990 Per
3407 2944 3461 2991 te

1879 3034 1993 3085 sive
2025 3032 2081 3085 in
2115 3040 2183 3095 te,
2223 3031 2324 3083 hoe
2356 3040 2461 3094 est,
2488 3047 2584 3101 per
2609 3046 2795 3085 semen
2833 3039 3009 3093 tuutu,
3034 3030 3126 3097 qui
3159 3040 3243 3084 est
3271 3028 3461 3085 Chris-

1879 3134 1988 3180 tus.
2028 3124 2314 3190 Quomodo
2345 3134 2528 3177 auteut
2563 3122 3006 3178 benedicentur?
3046 3123 3146 3176 l‘er
3182 3121 3347 3176 ﬁdem
3376 3121 3459 3174 vi-

197 3234 297 3267 σου
331 3217 424 3268 καὶ
463 3217 777 3287 ὁμοιότητα,
814 3218 1109 3288 ἑρμηνεύει
1146 3222 1173 3271 ὁ
1217 3223 1274 3271 ἐν
1302 3221 1476 3286 ἁγίοις
1510 3220 1772 3290 Κύριὶλος

1882 3217 2101 3278 delicet,
2149 3218 2309 3283 cujus
2353 3217 2748 3283 antesignanus
2784 3212 2884 3266 fuit
2941 3213 3237 3267 Abraham.
3275 3211 3462 3265 Potest

191 3308 253 3359 ἓν
326 3307 518 3376 βιϐλίῳ
559 3307 796 3377 δευτέρῳ
826 3309 925 3378 τῆς
975 3312 1032 3361 ὲν
1093 3310 1366 3377 πνεύματι
1422 3313 1514 3363 καὶ
1546 3311 1775 3381 ἀληθείᾳ

192 3396 605 3466 πραγματείας,
637 3400 760 3467 περὶ
795 3398 892 3461 τὰς
929 3400 1104 3469 ἀρχὰς
1133 3400 1227 3452 τοῦ
1293 3400 1518 3468 βιϐλίου.
1558 3422 1575 3454 ι
1614 3403 1777 3457 Ὥστε

194 3489 242 3542 ol
298 3492 364 3543 ὲκ
430 3490 664 3553 πίστεως
725 3492 1098 3558 εὐλογοῦνται.
1141 3513 1159 3543 ι
1196 3495 1257 3544 Ol
1295 3496 1359 3546 ἐκ
1396 3495 1491 3563 τῆς
1540 3495 1777 3558 πίστεως

195 3580 466 3649 ήνωμένοι
490 3580 568 3649 τῷ
614 3580 870 3652 Ἀϐραὰμ
904 3584 999 3635 καὶ
1024 3584 1104 3646 είς
1135 3584 1353 3654 σπέρμα
1376 3585 1540 3638 αὑτοῦ
1559 3586 1779 3637 τελοῦν-

194 3688 309 3736 τες,
345 3673 444 3741 οὐχ
471 3674 521 3724 οἱ
547 3674 611 3725 ὲκ
643 3674 867 3743 σαρκός.

809 3942 1057 3995 ΚΕΦΑΛ.
1095 3946 1187 4009 q'.

201 4034 332 4087 Ὀτι
358 4036 390 4087 d
427 4033 613 4099 νόμος
647 4034 717 4085 οὐ
755 4032 996 4096 δικαιοῖ,
1026 4034 1164 4086 ἀλλ’
1196 4033 1450 4101 ἐλέγχει,
1486 4035 1585 4088 καὶ
1649 4054 1784 4089 κατ-

415 4100 569 4169 άραν
600 4103 963 4169 ἐπιτίθησιν,
997 4102 1076 4169 ἣν
1100 4105 1232 4156 λύει
1260 4100 1535 4171 Χριστός.

275 4197 448 4247 Ὅσοι
482 4195 593 4260 τὰρ
615 4192 684 4257 ἐξ
720 4194 911 4262 ἔργων
940 4195 1130 4263 νόμου
1159 4194 1338 4257 εἰσιν,
1367 4197 1481 4250 ὑπὸ
1520 4198 1786 4265 κατάραν

202 4289 344 4341 είσί.
374 4286 711 4353 Γέγραπται
743 4286 873 4353 γὰρ,
921 4287 1377 4354 Ἐπικατάρατος
1417 4287 1528 4350 πᾶς
1571 4290 1639 4355 ὃς
1674 4295 1786 4345 οὐκ

203 4377 447 4447 ἐμμένει
473 4377 541 4429 ἐν
580 4375 731 4430 πᾶσι
758 4375 883 4440 τοῖς
911 4375 1343 4444 γεγραμμένοις
1370 4377 1440 4429 ἐν
1476 4378 1556 4441 τῷ
1570 4379 1787 4444 βιϐλίῳ

204 4469 315 4525 τοῦ
342 4472 532 4538 νόμου
572 4468 679 4522 τοῦ
714 4466 966 4533 ποιῆσαι
1006 4467 1180 4519 αὑτά.
1232 4469 1350 4519 ’Ὁτι
1384 4467 1452 4520 δὲ
1501 4471 1572 4522 ἐν
1630 4474 1788 4539 νόμῳ

1882 3322 2100 3377 quoque
2122 3308 2178 3358 ὲν
2208 3307 2543 3375 σοίίιιιθὶιὶεἰ
2569 3324 2581 3358 :
2607 3305 2834 3374 Propter
2861 3303 3020 3358 ﬁdem
3048 3318 3171 3371 (μισ)
3196 3303 3355 3357 estin
3386 3311 3461 3356 te.

1883 3399 2053 3453 Divus
2095 3397 2331 3469 Cyrillus
2380 3397 2624 3451 secundo
2678 3397 2819 3450 tibro
2871 3393 3353 3449 commentatiouis
3392 3392 3463 3446 de

1882 3491 2056 3555 cultu,
2089 3491 2181 3559 qtti
2217 3501 2303 3544 est
2336 3492 2387 3543 in
2427 3490 2623 3557 spiritu
2673 3496 2727 3542 et
2758 3487 2988 3541 veritate
3019 3488 3166 3539 circa
3200 3484 3357 3538 initia
3393 3485 3463 3538 li-

1884 3582 1967 3636 bri
2006 3583 2402 3650 interpretatur
2430 3582 2488 3631 ὲν
2517 3580 2619 3641 σοί,
2653 3579 2704 3632 id
2739 3587 2848 3639 est,
2884 3578 2950 3631 ad
2987 3576 3063 3630 lui
3100 3576 3462 3629 imitationem

1884 3684 1946 3722 ae
1989 3668 2428 3722 similitudinem.
2473 3686 2492 3719 ι
2532 3667 2721 3737 Itaque
2760 3667 2851 3735 qui
2883 3681 2949 3719 ex
2984 3660 3087 3719 li'de
3117 3671 3265 3729 sunt,
3294 3661 3463 3716 bene-

1884 3761 2197 3814 dicuntur.»
2236 3758 2339 3825 Qui
2390 3775 2450 3813 ex
2493 3759 2595 3813 (ide
2648 3759 2787 3812 uniti
2842 3766 2971 3811 sunt
3018 3754 3271 3819 Abrahae,
3322 3765 3374 3809 et
3407 3754 3465 3808 in

1886 3868 2070 3907 semen
2105 3852 2224 3921 ejus
2258 3853 2607 3920 adoptantur,
2632 3867 2740 3903 non
2772 3851 2859 3919 qui
2894 3864 2959 3904 ex
2996 3862 3184 3903 carne.

2489 3943 2717 3999 CAPUT
2778 3941 2864 3996 Vl.

1888 4043 2040 4108 Quod
2067 4043 2150 4095 lex
2187 4039 2585 4107 nonjustiﬁcet,
2620 4037 2708 4089 sed
2762 4044 2990 4108 arguar;
3032 4043 3080 4108 et
3129 4032 3464 4087 maledictio.

2162 4127 2277 4164 nent
2306 4104 2505 4168 addat,
2542 4124 2701 4176 quant
2741 4107 2895 4158 solvil
2930 4104 3193 4159 Christus.

1972 4208 2058 4267 lll.
2088 4205 2278 4260 l0-l‘2.
2313 4201 2453 4254 Nam
2492 4209 2746 4268 quotquot
2776 4214 2840 4251 ea:
2869 4197 3113 4263 operibus
3162 4196 3289 4265 legis
3322 4204 3466 4256 sunt,

1886 4298 2243 4360 exsecrationi
2290 4303 2414 4348 sunt
2456 4292 2691 4345 obnoxii.
2733 4289 3004 4357 Scriptum
3029 4297 3105 4341 est
3131 4288 3271 4340 enim
3302 4301 3321 4338 :
3351 4284 3467 4339 Ea:-

1895 4388 2173 4446 secrabilis
2231 4385 2401 4436 omnis
2432 4382 2521 4450 qui
2568 4396 2667 4430 non
2704 4378 2959 4429 manserit
2993 4378 3045 4429 in
3082 4376 3323 4428 omnibus
3351 4390 3471 4445 qua

1888 4485 2090 4545 scripta
2126 4485 2249 4531 sunt
2281 4475 2334 4528 in
2366 4473 2503 4527 libro
2541 4471 2693 4539 legis,
2721 4478 2776 4520 ut
2808 4470 2972 4535 faciat
2994 4484 3076 4520 ea.
3116 4468 3270 4533 Quod
3291 4476 3469 4518 autent

194 4564 409 4628 ὀὐδεὶς
438 4561 771 4615 δικαιοῦται
800 4561 958 4628 παρὰ
989 4560 1067 4625 τῷ
1106 4560 1247 4625 Θεῷ,
1281 4560 1494 4627 δῆλον,
1527 4562 1617 4616 ὅτι
1638 4568 1669 4618 ό
1699 4566 1775 4617 δί-

1896 4579 1949 4630 in
1982 4576 2091 4644 lege
2142 4571 2319 4624 nullus
2340 4567 2668 4635 justiﬁcetur
2718 4560 2857 4629 apud
2894 4558 3080 4621 Deum,
3117 4560 3295 4625 palam
3333 4567 3407 4609 est
3449 4572 3471 4609 :

206 4659 378 4720 italo;
431 4654 499 4705 ἐκ
534 4654 835 4717 πίστεως,
875 4651 1142 4718 ζήσεται.
1191 4652 1252 4703 '0
1311 4651 1381 4704 δὲ
1429 4654 1613 4723 νόμος
1676 4659 1787 4710 οὐκ

206 4746 382 4799 ἔστιν
414 4745 483 4797 ἐκ
522 4746 817 4807 πίστεως·
846 4742 985 4794 ἀλλ’
1017 4744 1047 4795 ό
1072 4742 1335 4809 ποιήσας
1372 4745 1524 4797 αὐτὰ
1564 4746 1787 4817 ἄνθρω-

208 4855 326 4903 πος
360 4835 601 4904 ζήσεται
631 4835 701 4888 ἐν
720 4832 946 4899 αὐτοῖς.

282 4932 441 4983 Ὅσοι
472 4930 601 4993 είσὶ,
629 4930 816 4997 φησὶν,
854 4928 1102 4997 ἐχόμενοι
1127 4926 1235 4979 τῶν
1264 4927 1442 5000 ἔργων
1468 4931 1559 4983 τοῦ
1598 4935 1786 5001 νόμου,

210 5023 609 5092 ὲπικατάρατοί
676 5022 835 5073 εἰσιν.
904 5020 1125 5088 Ἐπειδὴ
1156 5020 1265 5090 γὰρ
1327 5024 1566 5087 ἐκείνους
1603 5027 1787 5080 ὲπτόει

211 5117 376 5169 ἐᾶσαι
423 5115 513 5167 τὸν
556 5114 743 5182 νόμον,
797 5113 873 5184 μή
922 5131 1038 5176 πως
1085 5114 1192 5166 ὑπὸ
1225 5116 1474 5185 κατάραν
1500 5117 1788 5185 γένωνται,

213 5208 300 5260 διὰ
332 5207 392 5259 τὸ
438 5205 769 5275 γεγράφθαι,
825 5205 1262 5275 Ἐπικατάρατος
1306 5208 1333 5257 ὁ
1391 5208 1466 5279 μὴ
1513 5211 1787 5278 ἐμμένων,

218 5301 375 5368 φησὶ,
438 5298 517 5367 τῷ
564 5298 736 5365 νόμῳ,
780 5297 942 5357 αὐτὸς
997 5297 1323 5363 ἀγωνίζεται
1379 5301 1550 5364 δεῖξαι
1572 5303 1653 5354 ὅτι
1688 5305 1791 5357 ὑπὸ

217 5390 466 5459 κατάραν
513 5388 653 5440 εἰσὶν
712 5388 762 5439 ul.
804 5388 1137 5456 ἐμμένοντες
1156 5389 1232 5459 τῷ
1278 5392 1449 5461 νόμῳ,
1482 5392 1641 5460 Ila,“
1668 5397 1792 5451 ὀτι

216 5481 418 5544 οὐδεὶς,
449 5481 607 5549 φησὶ,
638 5478 840 5548 πληροῖ
874 5479 965 5531 τὸν
1010 5480 1195 5548 νόμον,
1254 5481 1335 5533 διὸ
1378 5485 1790 5557 ὲπικατάρατοι.

227 5575 317 5637 Ὠς
346 5574 399 5625 οἵ
423 5589 486 5640 γε
521 5571 862 5633 ἀποστάντες
891 5570 983 5623 τοῦ
1018 5572 1208 5642 νόμου,
1261 5575 1357 5627 καὶ
1406 5576 1504 5645 τῆς
1548 5584 1796 5652 κατάρας

218 5660 695 5733 ἠλευθερώθησαν.
726 5662 868 5723 ιΠᾶς
890 5662 945 5725 ὃς
970 5662 1071 5715 οὐκ
1088 5667 1195 5733 ὲμμ
1208 5664 1335 5718 ἐνει.
1353 5684 1371 5717 ι
1397 5669 1495 5721 Διὰ
1524 5670 1680 5725 τοῦτο
1699 5671 1791 5728 οὖν

218 5753 617 5820 ἑπικατάρατοι
671 5753 720 5805 οἱ
769 5754 1018 5823 ἐχόμενοι
1072 5753 1167 5807 τοῦ
1215 5756 1416 5826 νόμου,
1468 5760 1554 5815 διὰ
1606 5766 1664 5819 τὸ
1718 5768 1795 5839 μὴ

293 5877 314 5908 ⁸
351 5874 513 5933 Deut.
549 5890 719 5937 nvu,
742 5874 833 5929 26.

1892 4667 2152 4738 siquidem
2185 4664 2364 4733 justus
2394 4674 2459 4712 ea:
2494 4657 2596 4726 ﬁde
2630 4656 2796 4715 vivet;
2831 4652 2912 4705 lex
2961 4660 3137 4704 autem
3160 4666 3263 4703 non
3302 4658 3379 4703 est
3405 4662 3472 4702 ex

1894 4759 2016 4825 ﬁde,
2051 4753 2139 4806 sed
2169 4751 2259 4820 qui
2286 4749 2463 4817 fecerit
2486 4762 2571 4809 ea,
2601 4746 2754 4797 homo
2777 4744 2905 4794 vivet
2946 4739 2997 4791 in
3038 4739 3185 4804 ipsis.

1965 4938 2266 5004 Quotquot,
2322 4932 2521 5000 inquit,
2557 4929 2763 4982 haerent
2797 4926 2928 4995 legis
2978 4923 3263 4993 operibus,
3317 4935 3470 4974 exse-

1897 5028 2130 5082 t-rabiles
2155 5033 2306 5081 sunt.
2341 5020 2798 5088 Quandoquidem
2829 5017 2974 5070 enim
3004 5015 3054 5067 id
3086 5028 3179 5068 eos
3210 5014 3472 5075 terrebat,

1898 5139 1964 5180 ne
2018 5120 2190 5188 legem
2243 5116 2639 5182 relinquerent,
2696 5123 2763 5161 ne
2828 5105 3105 5172 quomodo
3152 5103 3255 5157 suh
3308 5103 3478 5155 male-

1897 5215 2194 5270 dictionetu
2225 5206 2501 5267 venirent,
2544 5208 2768 5269 propter
2804 5195 2855 5248 id
2888 5193 3034 5264 quod
3066 5193 3327 5261 scriptum
3364 5198 3478 5253 est,

1906 5328 1923 5360 ι
1969 5300 2334 5360 Exsecrabilis
2381 5304 2463 5349 est
2521 5292 2703 5347 omnis
2766 5290 2858 5359 qui
2907 5302 3016 5341 non
3085 5284 3345 5338 manserit
3420 5283 3479 5336 in

1902 5395 2017 5466 lege
2042 5398 2095 5460 ⁹;
2128 5411 2145 5443 ι
2185 5392 2299 5459 ipse
2329 5393 2521 5440 contra
2557 5382 2752 5435 nititur
2782 5376 3074 5432 ostendere
3101 5371 3478 5429 exsecratioui

1900 5463 2169 5542 obnoxios
2201 5495 2343 5541 esse,
2375 5481 2649 5546 quotquot
2698 5467 3004 5524 manserint
3040 5467 3094 5519 in
3140 5465 3278 5533 lege.
3320 5463 3480 5529 Quo.

1904 5598 2030 5639 nam
2070 5576 2275 5633 modo?
2327 5572 2464 5638 Quia
2497 5568 2703 5630 nullus,
2748 5562 2950 5633 inquit,
2985 5559 3223 5629 complet
3260 5558 3431 5627 legem
3459 5572 3481 5610 :

1905 5684 2030 5729 sunt
2060 5672 2225 5741 igitur
2248 5661 2642 5721 exsecrabiles,
2668 5667 2726 5711 ut
2759 5655 2853 5725 qui
2878 5668 2908 5707 a
2938 5653 3053 5722 lege
3075 5650 3479 5712 discesserunt,

1916 5779 1971 5825 et
2027 5761 2410 5822 exsecratione
2474 5752 2692 5809 liberati
2749 5756 2903 5807 sunt.
2969 5743 3123 5809 «Qui
3169 5756 3279 5797 non
3320 5755 3484 5797 utan—
