4216 6450
282 364 417 427 11θό

1268 365 1654 426 (ὶιζιΜΜΕΝΤ.
1698 365 1767 422 ΙΝ
1808 363 2042 423 EPISI‘.
2085 367 2181 424 AD
2227 368 2483 429 El’llES.

3391 376 3522 436 1194

279 475 488 529 ἑαυτῶν
518 473 972 546 ἀπεστράφημεν,
1024 475 1157 529 ἀλλά
1204 478 1386 545 χάριτι
1442 477 1533 529 καὶ
1569 477 1853 545 δωρήματι
1884 481 1925 533 Α

1884 481 1925 533 Α
1959 491 2097 537 inus,
2128 480 2221 531 sed
2273 480 2326 533 in
2366 484 2700 538 contrarium
2757 487 2936 555 potius
2994 487 3155 542 delati
3186 505 3378 546 sumus
3424 504 3525 560 τοι

275 563 435 624 Θεοῦ,
469 564 672 634 πηλίκη
703 582 785 627 τις
815 567 845 633 ἡ
881 566 1199 635 εὐχαριστία
1227 566 1355 637 παρ’
1392 567 1546 636 ἡμῶν
1577 568 1849 635 ὀφείὶεται

274 653 353 721 τῷ
403 653 559 722 Θεῷς
603 654 693 721 Τῷ
722 654 800 717 δὲ,
841 656 963 707 Ἐπὶ
1006 656 1187 726 ἔργοις
1241 657 1465 722 ἀγαθοῖς
1515 657 1850 720 κτισθέντες,

276 745 394 811 ἅμα
440 746 531 796 καὶ
590 747 992 815 προτρέποντος
1029 749 1145 800 ἐστι
1200 750 1291 800 καὶ
1331 748 1709 811 διανιστῶντος
1759 750 1850 801 ἐπὶ

276 839 506 907 πράξεις
538 841 768 907 ἀγαθάς.
802 842 918 894 Ἵνα
976 842 1135 913 εῖπῃ·
1185 844 1470 912 Χρεῶσταί
1520 846 1641 895 ὲστε
1678 846 1849 896 ποιεῖν

274 930 338 980 τὸ
371 931 593 995 ἀγαθὸν,
635 932 727 983 καὶ
777 932 1007 1000 ἀρχαῖόν
1038 933 1153 984 ἐστι
1188 934 1247 985 τὸ
1280 936 1464 1001 χρέος.
1505 933 1625 984 Ἐπὶ
1674 932 1849 999 τούτῳ

276 1024 385 1093 γὰρ
414 1024 720 1094 ἐκτίσθητε,
750 1024 887 1078 ἀλλὰ
945 1027 1035 1078 καὶ
1065 1025 1244 1087 τόκοις
1285 1027 1415 1077 αὐτὸ
1472 1024 1685 1086 πολλοῖς
1718 1023 1845 1076 ἐδα-

275 1117 470 1184 ρύνατε
505 1119 598 1168 καὶ
632 1116 924 1185 ηὐξήσατε,
972 1117 1140 1188 μηδὲν
1182 1116 1545 1177 ἀποδιδόντες,
1579 1115 1714 1169 ἀλλὰ
1755 1114 1848 1167 καὶ

274 1206 364 1258 διὰ
416 1208 776 1275 παραϐάσεως
825 1207 1230 1278 προστιθέντες.
1276 1210 1447 1277 Χρεία
1502 1206 1592 1259 οῦν
1644 1206 1846 1275 πολλῆς

276 1296 516 1365 σπουδῆς
554 1298 646 1348 καὶ
679 1297 1019 1365 ἐπιμελείας,
1053 1298 1130 1359 είς
1169 1298 1229 1349 τὸ
1260 1297 1327 1349 τὰ
1358 1297 1685 1365 ὀφειλόμενα
1712 1297 1848 1347 ἀπο-

273 1387 440 1439 τίσαι.
489 1410 503 1430 ι
544 1389 869 1452 κτισθέντες
906 1392 962 1441 ἐν
1005 1390 1226 1459 Χριστῷ
1265 1389 1459 1459 Ἰησοῦ.
1496 1409 1513 1441 ι
1570 1387 1701 1443 Εἶτα
1761 1391 1848 1443 ἵνα

278 1478 352 1548 μὴ
394 1479 726 1543 ἀκούσαντες
763 1481 844 1532 ὅτι
885 1481 985 1533 οῦκ
1024 1480 1083 1544 ἐξ
1123 1482 1298 1549 ἔργων
1340 1480 1663 1551 ἐσώθημεν,
1710 1481 1846 1535 ἀλλά

274 1586 477 1638 χαριτι,
511 1571 874 1642 ῥᾳθυμότεροι
924 1570 1229 1641 γενώμεθα,
1270 1574 1541 1625 δείκνυσιν
1576 1574 1659 1626 ὅτι
1707 1574 1846 1642 μετὰ

273 1663 373 1729 τὴν
408 1663 612 1723 πίστιν,
646 1665 740 1715 καὶ
771 1662 948 1733 ἔργων
996 1665 1178 1733 χρεία.
1217 1683 1233 1713 t
1276 1665 1451 1716 Αὐτοῦ
1499 1666 1605 1733 γάρ
1653 1667 1843 1734 ἐσμεν,

278 1754 431 1821 φησι,
471 1754 702 1823 ποίημα,
731 1754 1043 1817 κτισθέντες
1077 1754 1163 1806 διὰ
1210 1754 1381 1823 Ἰησοῦ
1414 1754 1671 1825 Χριστοῦ.
1714 1773 1731 1805 ι
1766 1755 1843 1807 Οὐ

275 1846 373 1915 τὴν
417 1848 641 1915 πρώτην
696 1846 855 1914 ἡμῶν
893 1847 1255 1917 δημιουργίαν
1299 1848 1505 1915 λέγων,
1564 1848 1698 1901 ἀλλὰ
1748 1848 1847 1918 τὴν

271 1936 533 2007 δευτέραν
562 1937 658 2007 τὴν
686 1939 740 1989 ἐν
762 1937 837 2007 τῷ
860 1936 1214 2008 βαπτίσματι.
1256 1939 1613 2008 Ἐκτίσθημεν
1645 1939 1721 2003 δὲ,
1745 1954 1847 2007 φη-

278 2032 382 2096 σὶν,
409 2031 502 2081 ἐπὶ
531 2030 711 2100 ἔργοις
736 2031 980 2098 ἀγαθοῖς,
999 2025 1079 2093 οἷς
1113 2031 1515 2101 προητοίμασεν
1544 2032 1571 2082 ὁ
1599 2030 1751 2091 Θεὸς,
1772 2032 1851 2092 είς

275 2124 337 2175 τὸ
368 2126 425 2175 ἐν
465 2125 666 2186 αὐτοῖς,
718 2124 871 2193 φησὶ,
927 2124 1269 2192 περιπατεῖν.
1304 2123 1523 2174 Ἔνεστι
1572 2120 1626 2173 δὲ
1678 2119 1848 2173 ταῦτα

275 2218 369 2267 καὶ
396 2217 522 2284 περὶ
563 2216 661 2285 τῆς
698 2214 921 2286 πρώτης
950 2215 1312 2285 δημιουργίας
1344 2217 1504 2266 νοεῖν.
1548 2233 1563 2264 ‹
1589 2209 1682 2275 Οἷς
1713 2230 1847 2282 προ-

272 2307 572 2375 ητοίμασεν
612 2309 639 2359 ὁ
664 2306 815 2369 Θεός.
854 2325 872 2357 ι
916 2302 1012 2369 Οἷς
1043 2308 1138 2359 καὶ
1178 2306 1284 2377 πρὸ
1320 2307 1412 2357 τοῦ
1450 2305 1841 2374 βαπτίσματος,

273 2401 457 2467 φησὶν,
490 2399 805 2467 ἡτοίμασεν.
838 2417 855 2449 t
884 2400 999 2450 Ἵνα
1032 2402 1088 2451 ἐν
1116 2399 1295 2459 αὐτοῖς
1326 2399 1786 2466 περιπατήσωμεν
1824 2418 1840 2447 ι

273 2492 382 2561 Τὴν
416 2490 500 2542 ἐπ’
532 2492 713 2553 αὐτοῖς
738 2490 1015 2544 ἄπαυστον
1052 2489 1236 2558 σχέσιν
1282 2488 1449 2557 δηλοῖ.

352 2676 437 2727 Διὸ
485 2675 893 2744 μνημονεύετε
945 2675 1033 2727 ὅτι
1085 2673 1255 2742 ὑμεῖς
1301 2689 1445 2725 ποτε
1492 2672 1558 2724 τὰ
1598 2673 1742 2739 ἐμίγη
1778 2673 1846 2723 ἐν

268 2766 450 2830 σαρκὶ
493 2768 546 2815 οι
598 2767 909 2832 λεγόμενοι
951 2766 1336 2832 ἀκροϐυστία,
1373 2764 1485 2817 ὑπὸ
1519 2762 1624 2830 τῆς
1669 2766 1843 2830 λεγοι-

267 2857 455 2925 [tsi-nc
487 2855 806 2924 περιτομῆς
835 2858 904 2909 ἐν
930 2855 1107 2923 σαρκὶ
1149 2856 1586 2923 χειροποιήτου,
1620 2855 1706 2908 ὅτι
1740 2852 1845 2923 ἦτε

268 2951 340 3001 ὲν
366 2949 441 3011 τῷ
477 2947 656 3017 καιρῷ
683 2949 893 3014 ἐκείνῳ
930 2949 1106 3017 χωρίς
1144 2949 1401 3015 Χριστοῦ
1431 2949 1843 3014 ἀπηλλοτριω-

266 3043 436 3109 μένοι
481 3040 589 3106 τῆς
620 3042 926 3105 πολιτείας
950 3040 1056 3093 τοῦ
1095 3039 1363 3106 Ἰσραὴλ,
1401 3039 1495 3092 καὶ
1534 3039 1695 3102 ξένοι
1726 3039 1845 3092 τῶν

1957 567 2144 630 delati,
2172 586 2279 626 non
2315 586 2378 626 ex
2414 574 2573 629 nobis
2611 576 2742 643 ipsis
2768 582 3016 635 conversi
3042 596 3254 646 sumus,
3287 582 3380 637 sed
3404 598 3526 652 gra.

1959 660 2033 712 tia
2064 670 2117 713 et
2148 662 2293 717 dono
2335 666 2447 727 Dei,
2482 677 2685 736 quanta
2736 670 2967 726 debetur
2992 687 3023 727 a
3064 675 3221 729 nobis
3268 674 3375 731 Deo
3408 693 3528 744 gra-

1957 748 2160 802 tiarutn
2199 754 2379 808 actio?
2429 755 2583 821 Quod
2648 767 2829 812 autem
2884 762 2999 815 ait:
3033 764 3110 816 Ad
3170 778 3335 835 opera
3388 766 3525 819 bona

1953 839 2184 904 conditi,
2215 841 2381 894 simul
2417 855 2464 897 ct
2491 846 2838 904 adhortantis
2876 860 2979 915 est,
3008 858 3060 904 et
3086 851 3151 905 ad
3170 855 3339 908 bonas
3356 856 3526 909 actio-

1952 945 2051 985 ues
2092 933 2384 988 excitantis
2437 952 2498 987 ac
2548 938 2593 991 si
2642 939 2843 996 diceret
2892 959 2905 996 :
2948 942 3231 1002 Debitores
3271 948 3404 1002 estis
3458 946 3525 1002 ad

1955 1026 2296 1091 operantlum
2342 1026 2567 1092 bonum,
2603 1040 2655 1084 et
2683 1043 2833 1087 vetns
2876 1048 2960 1089 est
3000 1038 3241 1092 debitum
3274 1057 3288 1094 :
3322 1039 3389 1093 ad
3426 1044 3527 1095 hoc

1952 1111 2097 1164 enim
2118 1114 2481 1171 condiziestis
2523 1138 2535 1171 ;
2570 1120 2664 1173 sctl
2714 1130 2765 1173 et
2815 1125 3000 1177 multis
3048 1127 3233 1180 llSllliS
3279 1128 3523 1182 debitum

1950 1202 2053 1257 hoc
2090 1207 2427 1275 aggravastis
2449 1220 2500 1263 et
2524 1213 2776 1279 anxistis,
2806 1216 2941 1270 nihil
2978 1218 3263 1272 t-edtlentes
3289 1230 3374 1273 aut
3412 1221 3525 1274 sol-

1951 1304 2159 1357 ventes,
2209 1297 2301 1350 sed
2338 1304 2776 1369 transgressione
2817 1309 2998 1375 potius
3054 1310 3522 1377 snpt-ratldentes:

1951 1399 2090 1455 Opus
2116 1397 2199 1442 est
2236 1388 2399 1458 igitur
2425 1394 2594 1446 multo
2628 1395 2810 1450 stutlio
2841 1411 2905 1450 ac
2927 1399 3206 1466 diligentia
3243 1402 3308 1453 ad
3339 1402 3439 1455 hoc
3465 1410 3526 1456 ut

1948 1478 2127 1533 debita
2157 1482 2473 1537 exsolvatis.
2514 1503 2531 1534 ι
2570 1485 2790 1541 Conditi
2823 1503 2917 1558 per
2940 1487 3219 1545 Christum
3243 1490 3455 1545 Jesum.
3498 1512 3517 1543 ι

1952 1569 2154 1626 ῡεὶηιιθ
2183 1588 2251 1627 ne
2278 1576 2565 1631 audientes
2595 1580 2739 1648 quod
2780 1596 2886 1633 non
2921 1597 2983 1635 ex
3016 1583 3276 1649 operibus
3322 1584 3521 1637 sulvuti

1949 1677 2164 1727 sumus,
2186 1666 2280 1717 sed
2310 1683 2372 1719 ex
2409 1670 2604 1735 gratia,
2632 1672 2908 1740 segniores
2936 1674 3252 1738 efﬁciamur,
3285 1675 3525 1729 ostendit

1965 1753 2109 1819 quod
2137 1762 2259 1822 post
2292 1755 2448 1809 tidem
2480 1760 2791 1814 necessaria
2817 1772 2941 1815 sunt
2966 1764 3102 1817 bona
3129 1781 3312 1834 opera.
3341 1786 3358 1817 t
3389 1766 3521 1821 Nam

1956 1842 2151 1911 ipsius,
2208 1847 2405 1914 inquit,
2463 1864 2654 1905 sumus
2687 1865 2827 1921 opus
2858 1855 3060 1907 conditi
3097 1872 3188 1923 per
3243 1856 3521 1911 Chr'stum

1952 1933 2157 1989 Jesnm.
2204 1956 2220 1986 ι
2261 1937 2378 1992 Non
2436 1943 2664 2010 primam
2705 1953 2946 1999 nostram
3000 1951 3331 2003 creationem
3364 1952 3514 2013 dicit,

1952 2025 2045 2078 sed
2080 2028 2376 2080 SCI'IIIltlillll
2412 2046 2532 2098 quae
2572 2042 2655 2086 est
2687 2034 2738 2085 in
2782 2034 3132 2103 baptismate.
3165 2037 3386 2093 Ctmditi
3423 2059 3517 2095 nu-

1955 2124 2060 2169 tem
2087 2132 2300 2173 sumus.
2330 2121 2523 2189 inquit,
2554 2124 2618 2174 atl
2652 2139 2815 2192 opera
2850 2126 3010 2188 bona,
3043 2144 3165 2197 qua:
3196 2136 3519 2199 praeparavit

1956 2207 2098 2264 Dens
2127 2208 2195 2264 ad
2233 2212 2619 2266 ambulandum
2646 2214 2698 2269 in
2732 2217 2861 2272 illis.
2889 2217 3125 2273 Possunt
3160 2231 3342 2276 autem
3378 2232 3431 2278 et
3452 2225 3519 2279 de

1955 2315 2124 2369 pruna
2148 2302 2426 2356 creatione
2458 2304 2705 2376 intelligi.
2736 2324 2756 2358 t
2782 2305 2911 2373 Quae
2942 2314 3267 2380 praeparavit
3293 2311 3458 2369 Deus.
3494 2335 3512 2367 ι

1952 2393 2083 2457 Quae
2111 2393 2273 2445 etiam
2303 2404 2427 2448 ante
2459 2396 2752 2464 baptisma,
2783 2398 2980 2468 inquit,
3003 2404 3326 2470 praeparavit
3352 2406 3513 2461 Deus.

1957 2504 1974 2535 ι
2009 2485 2074 2539 lit
2109 2487 2161 2539 in
2187 2488 2267 2542 eis
2301 2489 2729 2547 ambularemus.
2767 2512 2785 2543 ι
2822 2492 3075 2551 Habitum
3096 2497 3163 2551 ad
3195 2498 3308 2553 haec
3343 2500 3514 2556 deno-

1954 2585 2030 2630 tat
2058 2578 2148 2645 qui
2182 2594 2459 2648 nunquam
2486 2582 2739 2650 quiescit.

2028 2668 2135 2736 18
2168 2667 2230 2730 ll,
2268 2669 2453 2725 11-15.
2496 2672 2831 2744 Quapropter
2888 2690 3191 2735 mementote
3242 2682 3380 2752 quod
3429 2700 3515 2738 vos

1950 2760 2215 2824 quondam
2249 2771 2421 2829 gentes
2449 2762 2503 2813 in
2538 2780 2697 2817 carne
2724 2766 3053 2821 vocabamini
3086 2772 3403 2839 prwputiunt
3446 2774 3511 2825 ab

1950 2864 2010 2901 ea
2039 2865 2155 2917 quw
2183 2862 2400 2906 vocatur
2428 2855 2762 2911 circumcisio
2797 2859 2849 2910 in
2877 2875 3055 2924 carne,
3083 2877 3200 2931 quas
3234 2865 3486 2920 circumci
3503 2894 3515 2903 -

1951 2940 2031 2991 sio
2075 2942 2318 2995 manibus
2358 2944 2418 3011 [it
2452 2960 2472 2998 :
2527 2945 2665 3013 quod
2717 2950 2900 3008 eratis,
2934 2950 3168 3019 inquam,
3199 2955 3252 3006 in
3292 2964 3516 3023 tempore

1952 3030 2049 3084 illo
2092 3033 2205 3087 sine
2251 3034 2464 3089 Christo
2500 3036 2793 3090 abalienati
2817 3043 3268 3098 acouversatione
3316 3045 3514 3110 Israel,

270 3129 573 3195 διαθηκῶν
616 3130 725 3197 τῆς
759 3131 1147 3198 ἐπαγγελίας,
1199 3128 1417 3180 ἐλπίδα
1466 3128 1552 3196 μὴ
1603 3130 1917 3196 ἔχοντεςο

1872 3132 1917 3196 C
1951 3129 1997 3171 et
2030 3123 2266 3175 extranei
2287 3139 2319 3174 a
2348 3126 2672 3179 testamentis
2696 3128 3086 3193 promissionis,
3110 3147 3249 3200 spem
3280 3150 3387 3189 non
3417 3136 3514 3190 Ita-

273 3222 368 3273 κιιί
394 3222 556 3273 ἄθεοι
583 3223 651 3272 ἐν
669 3221 746 3285 τῷ
773 3224 998 3289 κόσμῳ,
1030 3220 1179 3274 Νυνὶ
1210 3220 1276 3272 δὲ
1293 3221 1360 3272 ἐν
1381 3220 1609 3287 Χριστῷ
1641 3223 1846 3288 Ἰησοῦ

274 3312 441 3378 ὑμεῖς
478 3313 534 3364 οἵ
564 3328 705 3364 ποτε
739 3312 910 3375 ὄντες
945 3311 1400 3379 μακδίὰνβγγὺς
1429 3311 1751 3379 ἐγενήθητε
1777 3314 1846 3366 ἐν

272 3404 352 3465 τῷ
385 3404 583 3469 αἵματι
619 3403 724 3455 τοῦ
755 3402 1035 3469 Χριστοῦ.

348 3515 366 3547 ι
399 3497 491 3546 Διὸ
536 3496 920 3565 μνημονεύετε.
968 3514 986 3547 ι
1034 3494 1183 3548 Ἐπεὶ
1227 3490 1318 3548 οὖν
1366 3496 1499 3557 ὅλως
1540 3495 1633 3547 ἐπὶ
1663 3495 1843 3564 ἔργοις

272 3589 502 3655 ἀγαθοῖς
530 3587 753 3656 ἐκτίσθη
766 3604 885 3657 μεν,
924 3588 1313 3656 μνημονεύετε.
1334 3589 1441 3639 Καὶ
1461 3589 1568 3657 γὰρ
1594 3589 1711 3650 ἕοος
1734 3591 1843 3650 τοῖς

273 3680 383 3731 ἀπὸ
436 3678 636 3746 πολλῆς
670 3678 943 3741 εὐτελείας
976 3679 1056 3740 είς
1106 3677 1236 3745 ὕψος
1282 3679 1672 3748 ἀναδραμοῦσι,
1710 3681 1844 3748 μηδὲ

277 3769 590 3839 μεμνῆσθαι
637 3767 747 3817 τῶν
779 3766 1077 3836 προτέρων.
1111 3766 1234 3818 Ὅτι
1278 3767 1432 3835 ὑμεῖς
1484 3784 1631 3819 ποτε.
1690 3767 1844 3819 Θέλει

273 3862 449 3913 είπεῖν
482 3860 564 3910 ὅτι
596 3857 753 3925 ὑμεῖς
783 3858 831 3909 oi.
882 3857 1233 3926 ἀκρόὸυστοι,
1288 3860 1343 3908 ὲν
1387 3859 1500 3921 τοῖς
1535 3859 1844 3926 ἔμπροσθεν

275 3954 509 4023 χρόνοις,
552 3952 822 4020 ἀλλότριοι
866 3946 962 4018 ἦτε
1010 3949 1103 4001 τοῦ
1134 3949 1269 4000 Θεοῦ
1302 3948 1393 4000 καὶ
1449 3949 1557 4000 τῶν
1600 3951 1841 4016 ἐπαγγε-

272 4046 428 4098 λιῶν.
465 4044 601 4096 Νυνὶ
639 4042 715 4107 δὲ,
748 4041 795 4094 οἱ
835 4041 957 4094 τότε
1006 4040 1157 4105 ὄντες
1190 4040 1461 4110 ἀλλότριοι
1497 4042 1589 4093 καὶ
1631 4041 1839 4112 πόρρω,

274 4138 443 4203 ὲ-,νγὶις
474 4133 747 4201 ἐγένεσθε.
783 4133 1038 4185 Δείκνυσι
1066 4134 1120 4185 δὲ
1154 4135 1215 4184 ἐκ
1245 4132 1456 4197 τούτου,
1489 4135 1579 4186 τοῦ
1610 4134 1843 4202 Χριστοῦ

273 4229 371 4297 τὴν
426 4225 785 4295 κηδεμονίαν,
844 4226 924 4278 ὅτι
982 4225 1108 4287 τοὺς
1160 4223 1701 4293 ἀπηλλοτριωμένους
1750 4228 1844 4277 καὶ

274 4319 470 4371 ili-:56:
528 4319 601 4387 μὴ
642 4316 861 4385 ἔχοντας
889 4316 1111 4368 ἔσωσεν.
1166 4315 1305 4384 Ὅρα
1352 4314 1409 4366 δὲ
1466 4316 1680 4382 εὐφυῶς
1728 4316 1843 4377 πῶς

274 4408 605 4462 καταϐάλλει
631 4406 728 4476 τὴν
776 4406 1104 4475 περιτομὴν,
1138 4404 1353 4473 δεικνὺς
1397 4405 1454 4455 ἐν
1503 4405 1644 4474 λόγῳ
1682 4407 1842 4475 μόνον

275 4503 368 4553 καὶ
409 4500 508 4552 οὐκ
543 4497 690 4567 ἔργῳ
737 4499 845 4550 τινὶ
874 4497 1139 4565 γενναίως
1178 4496 1323 4565 ἔχειν
1353 4495 1540 4567 αὐτὴν,
1584 4498 1658 4559 ὡς
1706 4500 1841 4568 πρὸς

274 4594 372 4654 τὴν
408 4592 775 4662 ἀκροϐυστίαν
810 4591 871 4641 τὸ
897 4589 1170 4657 διάφορον.
1216 4590 1407 4660 Ὑμεῖς
1433 4591 1563 4660 γὰρ,
1596 4593 1748 4659 φησι,
1778 4592 1846 4644 τὰ

272 4690 401 4756 ἔθνη
429 4688 476 4739 οἱ
509 4690 565 4739 ὲν
602 4686 786 4755 σαρκὶ,
822 4684 937 4737 ἀλλ’
965 4685 1063 4735 οὐκ
1091 4685 1148 4736 ὲν
1197 4684 1491 4753 πνεύματι,
1525 4686 1618 4739 καὶ
1659 4688 1707 4736 ot
1757 4686 1844 4737 λε-

273 4781 516 4848 γόμενοι.
544 4778 639 4848 (οὑ
663 4779 767 4847 γάρ
792 4777 941 4839 ὄντες
973 4775 1114 4829 κατά
1139 4776 1228 4828 τὸν
1254 4777 1619 4846 πνευματικὸν
1641 4776 1842 4847 λόγον.)

284 4873 430 4925 Ὠσεὶ
458 4867 631 4935 εἶπεν,
659 4872 714 4922 ὲν
742 4869 909 4938 σαρκὶ
936 4869 1028 4920 καὶ
1061 4869 1116 4919 ἐν
1151 4868 1328 4934 λόγοις
1383 4868 1443 4919 τὸ
1477 4869 1714 4931 ἔλαττον,
1752 4869 1842 4920 οὑ-

274 4964 449 5033 δαμοῦ
490 4966 547 5016 ὲν
571 4962 861 5030 πνεύματι.
889 4956 1021 5013 Εἶτα
1062 4961 1223 5014 πάλιν
1258 4962 1382 5030 περὶ
1418 4960 1515 5028 τῆς
1544 4962 1843 5030 περιτομῆς

273 5056 446 5124 λέγων
475 5055 658 5124 φησιν,
697 5054 801 5107 ὑπὸ
834 5053 931 5121 τῆς
965 5051 1261 5121 λεγομένης
1312 5053 1406 5102 καὶ
1440 5052 1839 5120 χειροποιήτου,

271 5147 373 5214 τὴν
406 5148 464 5198 ὲν
517 5144 695 5211 λόγοις
730 5144 892 5211 μόνον
941 5144 1032 5195 καὶ
1081 5144 1245 5213 σαρκὶ
1280 5142 1613 5212 προτίμησιν
1642 5142 1838 5211 δηλῶν.

280 5258 298 5288 t
343 5239 465 5289 Ὅτι
500 5232 619 5306 ἦτε.
656 5256 673 5287 ι
705 5235 767 5287 Ti
795 5233 1186 5305 μνημονεύετε,
1210 5235 1288 5285 ὅτι
1313 5230 1432 5302 ἦτε,
1466 5234 1650 5303 φησὶν,
1682 5236 1740 5286 ὲν
1767 5234 1843 5304 τῷ

273 5328 473 5397 καιρῷ
505 5328 697 5395 ἐκείνῳ
741 5326 909 5394 χωρὶς
959 5322 1216 5392 Χριστοῦ.
1268 5322 1437 5374 Τοῦτο
1466 5320 1554 5393 ἦν,
1597 5323 1747 5391 φησι,
1781 5323 1843 5375 τὸ

271 5420 465 5472 δεινόν.
519 5417 590 5469 Τὸ
645 5416 703 5467 δὲ
743 5416 839 5484 τῆς
874 5413 1271 5481 ἀκροόυστίας,
1331 5414 1457 5481 ἄχρι
1502 5416 1703 5482 σαρκὸς
1747 5414 1842 5467 καὶ

274 5512 538 5580 ὀνόματος
576 5504 645 5578 ἦν
675 5507 853 5576 ψιλοῦ.
902 5503 1034 5559 Εἶτα
1066 5506 1147 5557 ὅτι
1195 5505 1290 5556 καὶ
1332 5504 1840 5573 ἀπηλλοτριωμένοι

272 5601 371 5675 ἦτε
410 5606 507 5671 τῆς
535 5600 805 5661 πολιτείας
837 5597 930 5650 τοῦ
974 5597 1212 5665 Ἰσραὴλ,
1241 5596 1334 5648 καὶ
1380 5596 1536 5647 τοῦτο
1560 5596 1748 5649 δεινόν.
1780 5598 1839 5648 Εί

272 5696 383 5763 γὰρ
422 5694 519 5745 καὶ
556 5689 762 5753 ἀνάξιοι
793 5688 1055 5757 ὤφθησαν
1094 5688 1142 5739 οἱ
1175 5685 1234 5747 ἐξ
1282 5685 1519 5755 Ἰσραὴλ,
1554 5686 1694 5754 πλὴν
1724 5686 1838 5737 ἀλλ’

273 5787 494 5855 ἧδεισιν
528 5783 678 5835 Θεὸν.
730 5797 747 5829 t
779 5781 889 5832 Καὶ
926 5777 1061 5841 ξένοι
1114 5777 1222 5826 τῶν
1248 5776 1539 5842 διαθηκῶν.
1586 5796 1601 5826 ι
1650 5777 1718 5827 "H
1748 5777 1840 5830 τοῦ

638 5883 902 5940 Pyram“
949 5881 1065 5935 (In.
1114 5875 1154 5930 t‘.
1172 5876 1212 5932 Χ
1231 5874 1397 5932 ’νἨΙ.

1952 3209 2149 3275 beittes,
2191 3211 2403 3282 Oeaque
2436 3224 2673 3269 carentes
2712 3218 2765 3270 in
2794 3219 3008 3276 mundo.
3042 3222 3195 3274 Nunc
3224 3234 3399 3279 autem
3426 3242 3516 3295 per

1947 3300 2219 3357 Christum
2260 3303 2443 3359 .Iesum
2477 3323 2563 3360 vos
2599 3308 2688 3378 qui
2726 3310 2997 3365 auondam
3028 3314 3191 3367 eratis
3223 3314 3514 3387 longinqui,

1947 3393 2079 3460 {acti
2102 3397 2223 3449 estis
2245 3398 2526 3466 propinqui
2548 3414 2640 3465 per
2662 3402 2967 3469 sanguinem
2992 3400 3195 3457 Christi

2025 3503 2042 3535 ι
2077 3486 2424 3556 Quapropter
2455 3500 2807 3545 mementote.
2853 3511 2871 3544 ι
2901 3491 3173 3557 Quoniam
3203 3497 3371 3566 igitur
3398 3515 3511 3555 om-

1952 3577 2081 3631 nino
2113 3577 2180 3631 ad
2229 3593 2395 3648 opera
2435 3580 2579 3635 bona
2630 3582 2838 3638 conditi
2873 3599 3089 3651 sumus,
3160 3598 3513 3649 mementote.

1951 3669 2160 3724 Etenim
2209 3672 2380 3727 moris
2426 3681 2510 3728 est
2550 3673 2636 3728 his
2667 3674 2825 3743 quia
2869 3678 3041 3731 multa
3098 3678 3403 3747 abjectione
3450 3687 3514 3737 ad

1951 3763 2348 3817 sublimitatem
2381 3765 2563 3819 subito
2615 3766 3009 3834 ascenderunt,
3061 3785 3169 3825 non
3208 3774 3515 3829 meminisci

1948 3856 2220 3923 priorum.
2270 3855 2396 3911 Vult
2431 3858 2615 3913 dicere
2642 3874 2657 3912 :
2690 3859 2802 3915 Vos
2831 3862 3138 3930 praeputiati
3168 3865 3339 3920 eratis
3368 3867 3517 3935 prio-

1948 3951 2101 4004 ribus
2126 3950 2489 4019 temporibus,
2516 3951 2679 4005 alieni
2713 3967 2743 4005 a
2771 3952 2882 4007 Deo
2914 3964 2967 4008 et
2991 3956 3455 4023 promissionibns
3492 3978 3507 4027 ;

1949 4057 2097 4096 nunc
2134 4050 2319 4096 autem
2352 4043 2447 4111 qui
2502 4052 2632 4098 tunc
2657 4044 2828 4098 eratis
2884 4044 3048 4099 alieni
3097 4054 3151 4101 et
3204 4045 3511 4119 longinqui,

1947 4131 2077 4185 facti
2109 4133 2244 4186 estis
2282 4130 2597 4201 propinqui.
2632 4130 2881 4187 Ostendit
2911 4141 3088 4188 autem
3106 4146 3179 4188 ‘ex
3224 4136 3329 4190 hoc
3354 4136 3508 4190 Chri-

1949 4224 2018 4277 sti
2059 4223 2540 4291 gubernationem,
2570 4224 2697 4292 quia
2730 4238 2826 4277 eos
2867 4224 2958 4292 qni
3001 4224 3299 4279 abalienati
3340 4234 3393 4280 et
3418 4242 3512 4295 spe

1951 4324 2203 4369 carentes
2235 4325 2413 4379 erant,
2445 4313 2695 4368 salvavit.
2741 4314 3041 4369 Considera
3070 4329 3201 4369 vero
3238 4319 3516 4384 quomodo

1950 4403 2232 4471 ingeniose
2266 4404 2539 4472 deprimat
2563 4403 3043 4457 circutncisionem
3071 4405 3366 4459 ostendens
3392 4408 3510 4461 solo

1950 4510 2203 4548 sermone
2254 4503 2446 4547 etnon
2496 4508 2659 4562 opere
2689 4493 2835 4547 illam
2888 4494 3146 4562 praeclare
3179 4510 3238 4548 se
3286 4494 3507 4559 habere,

1950 4592 2207 4652 tanquam
2240 4581 2442 4650 aliquid
2470 4580 2743 4634 excellens
2803 4595 2967 4649 supra
3021 4581 3369 4649 praeputium.
3406 4581 3514 4637 Vos

1947 4676 2115 4739 enim,
2151 4674 2346 4743 inquit,
2378 4672 2471 4743 qui
2512 4672 2685 4727 eratis
2718 4681 2907 4742 {gentes
2940 4672 2994 4725 in
3028 4686 3216 4736 carne,
3260 4672 3354 4728 sed
3405 4690 3510 4728 non

1948 4771 2001 4819 in
2068 4767 2286 4834 spiritu,
2316 4773 2369 4818 et
2426 4764 2519 4833 qui
2554 4764 2881 4818 dicebamini
2923 4762 3122 4833 (neque
3155 4764 3300 4818 enim
3347 4768 3513 4818 eratis

1943 4859 2095 4927 juxta
2122 4856 2461 4926 Spiritnalem
2484 4853 2817 4923 sermonem)
2840 4855 3185 4923 prmputium.
3208 4854 3286 4908 Ac
3304 4855 3347 4910 si
3369 4854 3513 4909 dice-

1946 4961 2025 5005 ret
2055 4970 2066 5004 :
2098 4951 2152 5003 ln
2182 4964 2347 5002 eat-ne
2375 4946 2794 5002 etsermouibus
2817 4954 2901 4998 est
2922 4945 2967 4998 si
2993 4944 3122 5012 quid
3153 4946 3306 4999 vobis
3330 4946 3513 4999 minus

1946 5051 2080 5106 erat,
2117 5054 2459 5109 nequaquam
2490 5040 2544 5091 in
2575 5038 2788 5105 spiritu.
2828 5035 3029 5090 Deinde
3061 5050 3276 5088 rursum
3311 5035 3377 5088 de
3407 5036 3510 5089 cir-

1946 5135 2279 5191 cumcisione
2309 5134 2552 5201 loquens,
2585 5130 2660 5183 ait
2689 5150 2701 5184 :
2734 5130 2815 5183 Ab
2835 5144 2896 5184 ea
2922 5142 3040 5197 qua:
3061 5125 3284 5191 dicitur,
3314 5134 3366 5181 et
3392 5142 3512 5194 quae

1944 5227 2196 5281 manibus
2228 5223 2286 5276 lit
2324 5242 2337 5276 :
2381 5221 2628 5275 indicans
2656 5219 2828 5272 solum
2871 5232 2993 5270 eum
3021 5216 3311 5284 primatum
3339 5216 3429 5285 qui
3456 5216 3509 5269 in

1943 5318 2289 5373 sermonibus
2332 5320 2492 5366 estet
2520 5311 2573 5364 in
2622 5322 2807 5363 carne.
2853 5325 2870 5358 ι
2911 5306 3065 5371 Quod
3088 5306 3276 5360 eratis.
3311 5323 3330 5358 ι
3370 5306 3508 5370 Quid

1944 5408 2075 5463 illud
2105 5404 2357 5475 estquod
2388 5416 2527 5472 opus
2570 5407 2654 5455 est
2714 5406 2774 5453 ut
2830 5396 3285 5452 meminerimus?
3356 5396 3510 5460 Quod

1941 5499 2131 5558 eratis,
2157 5496 2353 5565 inquit,
2376 5494 2431 5547 in
2457 5503 2698 5560 tempore
2724 5489 2815 5545 illo
2846 5488 2961 5542 sine
2984 5485 3221 5540 Christo.
3253 5486 3388 5551 Hoc,
3414 5485 3509 5547 ait,

1943 5590 2203 5643 miserum
2236 5596 2396 5641 erat:
2440 5598 2564 5638 nam
2610 5596 2733 5637 esse
2791 5579 3136 5649 praeputium,
3182 5585 3298 5630 erat
3328 5577 3511 5630 carnis

1940 5683 2206 5736 duntaxat
2260 5688 2310 5731 et
2341 5676 2470 5731 nudi
2511 5674 2768 5729 nominis.
2825 5670 3026 5726 Deinde
3042 5668 3186 5737 quod
3216 5668 3379 5723 etiam
3409 5667 3511 5720 ab-

1954 5774 2172 5829 alienati
2203 5770 2369 5826 erazis
2395 5786 2408 5821 :
2434 5775 2486 5823 et
2510 5767 2610 5822 hoc
2639 5764 2841 5820 malum
2872 5768 3009 5817 erat.
3037 5758 3171 5813 Nam
3200 5772 3511 5830 quanquam

3086 5853 3156 5915 38
