4216 6450
292 323 423 389 1221

1350 334 1733 396 COMMENT.
1776 337 1847 395 ΙΝ
1879 339 2116 400 EPIST.
2150 343 2248 402 AD
2298 345 2560 407 EPHES.

3410 355 3546 416 1232

3443 403 3544 419 ﬂ-h

286 474 394 526 πῃ,
450 458 812 529 αὐξήσωμεν
858 465 943 528 εἷς
989 463 1174 517 αὐτὸν
1209 462 1278 516 τὰ
1311 464 1529 529 πάντα,
1561 465 1628 532 ὅς
1696 467 1864 519 ἐστιν
1899 464 1950 524 Λ

1899 464 1950 524 Α
1976 453 2062 516 qui
2083 463 2159 504 est
2185 463 2364 520 caput,
2386 470 2564 516 nempe
2593 456 2857 512 Christum
2888 461 3031 531 :37
3053 478 3085 516 a
3112 478 3212 532 quo
3235 474 3399 517 totum
3425 484 3536 520 ror-

286 552 327 619 ἡ
359 551 595 619 κεφαλὴ
628 556 659 605 ό
698 556 969 620 Χριστός.
1030 554 1133 617 Ἐξ
1154 549 1226 609 οὗ
1274 552 1397 609 πᾶν
1431 553 1601 623 σῶμα
1637 573 1863 624 συναρ-

281 645 740 713 μολογούμενον
797 645 892 698 καί
945 645 1473 714 συμϐιὸαζόμενον,
1524 647 1619 699 διὰ
1659 646 1864 713 πάσης

285 731 447 799 ἁφῆς
478 731 587 798 τῆς
611 733 705 784 ἐπι
715 734 1016 802 χορηγίας,
1050 734 1175 787 κατ’
1209 736 1515 803 ἐνέργειαν
1566 736 1634 787 ἐι·
1664 738 1861 803 μέτρῳ

283 824 422 888 ἐνὸς
459 824 716 878 ἑκάστου
744 826 966 893 μέρους
1018 826 1131 892 τὴν
1163 826 1426 892 αῦξησιν
1456 827 1561 879 τοῦ
1589 827 1860 895 σώματος

280 915 531 967 ποιεῖται
562 919 645 982 είς
674 916 997 985 οἰκοδομὴν
1022 917 1240 970 ἑαυτοῦ
1266 918 1334 971 ἐν
1362 918 1584 986 ἀγάπῃ.

359 1023 376 1055 ι
404 1007 517 1059 Ἵνα
579 1008 773 1077 μηκέτι
808 1002 957 1077 ὦμεν
987 1010 1190 1078 νήπιοι.
1216 1026 1235 1060 ι
1287 1008 1544 1062 Δείκνυσι
1582 1011 1857 1075 παθόντας

278 1097 478 1161 αὖτοὺς
527 1097 687 1151 τοῦτο
744 1099 931 1162 πάλαι,
997 1100 1092 1152 καὶ
1119 1100 1194 1163 ὡς
1229 1101 1286 1153 ἐν
1321 1102 1661 1172 διηγήματος
1704 1103 1853 1168 τάξει

279 1189 674 1258 ἐπανορθοῦται
726 1192 941 1255 αὐτοὺς,
980 1193 1069 1245 καὶ
1098 1192 1288 1245 ἐαυτὸν
1326 1194 1633 1247 συντάττων
1682 1195 1770 1247 διὰ
1796 1195 1855 1247 τὸ

275 1285 604 1353 ἀνεπαχθὲς.
663 1285 907 1353 Νηπίους
965 1287 1052 1350 δὲ,
1116 1290 1181 1357 τῇ
1236 1287 1413 1341 πίστει
1475 1288 1628 1357 φησί.
1703 1290 1853 1342 «Καὶ

276 1378 754 1445 περιφερόμενοι.)
785 1378 1014 1448 Νηπίων
1042 1378 1150 1449 γὰρ
1177 1380 1412 1442 ὄντωςτὺ
1434 1380 1849 1452 περιφέρεσθαι,

273 1466 371 1517 καὶ
392 1466 451 1517 ού
480 1465 788 1537 βεδηκότων
821 1470 914 1520 καὶ
938 1471 1199 1540 στεῤῥῶν.
1234 1488 1250 1519 ι
1288 1472 1455 1523 Παντὶ
1482 1472 1687 1541 ἀνέμῳ.
1711 1490 1727 1522 ι
1764 1472 1852 1524 Εἰ-

278 1558 397 1613 πὼν
423 1559 901 1630 κλυδωνιζόμενοι,
938 1564 1192 1633 ἐπέμεινε
1229 1567 1294 1635 τῇ
1317 1565 1618 1635 τροπῇ,καὶ
1646 1564 1847 1633 ἄνεμον

269 1652 618 1715 διδασκαλίας
653 1654 1016 1721 προσειπώνλ
1055 1658 1143 1709 Ἐν
1174 1659 1239 1726 τῇ
1276 1656 1472 1724 κυϐείᾳ
1501 1656 1610 1708 τῶν
1637 1655 1846 1725 ἀνθρὼ-

270 1761 412 1798 πων.
446 1764 465 1794 ι
504 1745 781 1799 Κυὸευταὶ
804 1746 975 1813 λόγων
1004 1747 1274 1815 λέγονται,
1296 1748 1345 1799 οἱ
1378 1748 1507 1800 ποτὲ
1537 1748 1635 1815 μὲν
1662 1747 1844 1809 τοῦτο,

1972 551 2090 603 pus,
2116 542 2254 608 quod
2271 552 2555 609 coaptatur
2572 555 2618 598 el
2640 550 2991 619 compingitur
3003 567 3095 618 per
3114 570 3318 607 omnem
3341 565 3539 610 tactum

1971 628 2504 699 subministrationis,
2540 636 2702 704 juxta
2748 641 3031 707 efﬁcaciam
3104 644 3174 697 ad
3232 662 3536 699 mensuram

1969 724 2381 792 uniuscujusque
2400 730 2569 794 partis
2602 731 2983 785 incrementum
3028 739 3269 802 corporis
3303 740 3431 806 facit
3468 740 3535 793 ad

1968 814 2377 883 wdiﬁcatiauem
2410 822 2491 872 sui
2522 822 2685 886 ipsius
2720 840 2812 892 per
2843 824 3181 883 clraritatem.

2038 1009 2057 1044 ι
2096 990 2166 1046 Ut
2198 1008 2304 1047 non
2341 995 2574 1062 amplius
2611 994 2780 1051 simus
2809 1000 2979 1065 pueri.
3016 1020 3033 1048 ι
3075 1000 3331 1057 Ostendit
3366 1021 3518 1073 Ipsos

1962 1081 2090 1135 olim
2124 1083 2197 1137 ita
2233 1083 2403 1140 luisse
2442 1085 2689 1156 aﬂ‘ectos,
2722 1097 2771 1141 et
2804 1104 2899 1156 per
2934 1091 3150 1145 modum
3200 1099 3531 1153 narrationis

1962 1175 2187 1246 corrigit
2217 1192 2335 1241 eos,
2368 1192 2430 1232 ac
2466 1179 2709 1248 seipsum
2740 1180 3026 1248 coniungit
3056 1198 3122 1235 ne
3158 1185 3385 1242 odiosus
3440 1190 3531 1243 liat

1961 1278 2162 1319 sermo.
2224 1268 2431 1320 Pueros
2468 1277 2647 1322 autem
2681 1269 2813 1325 dicit
2848 1271 2974 1325 ﬁde.
3017 1291 3035 1324 ι
3077 1273 3141 1327 Ει
3171 1275 3537 1332 circumfers:

1959 1370 2103 1408 mur.
2148 1374 2167 1407 ι
2202 1354 2409 1411 Revera
2437 1359 2585 1413 enim
2618 1375 2915 1429 puerorum
2940 1374 3023 1419 est
3054 1367 3401 1423 circumferri
3435 1373 3527 1439 qui

1959 1446 2100 1502 ﬁrmi
2138 1456 2193 1503 et
2250 1450 2479 1506 stabiles
2508 1467 2615 1505 non
2677 1464 2825 1508 sunt.
2870 1473 2888 1505 ι
2926 1455 3085 1511 Omni
3118 1469 3301 1513 vento.
3337 1480 3355 1513 ›
3392 1463 3526 1516 Cum

1954 1540 2312 1609 praemisisset
2358 1557 2371 1594 :
2400 1540 2503 1607 Qui
2539 1543 2891 1605 ﬂuetuemus.
2926 1546 2978 1599 in
3015 1558 3173 1617 tropo
3203 1557 3523 1618 permansit,

1953 1632 2317 1703 subjungens,
2363 1643 2419 1687 et
2448 1644 2672 1688 ventum
2717 1636 3003 1693 doctrinae.
3038 1658 3056 1690 ι
3092 1641 3193 1694 Per
3228 1646 3523 1698 versutiam

1952 1724 2261 1779 hominum.
2303 1743 2321 1776 ι
2354 1724 2571 1780 Versuti
2598 1728 2650 1780 in
2689 1731 2869 1784 verbis
2901 1730 3181 1800 dicuntur,
3218 1737 3312 1805 qui
3353 1739 3523 1791 inter-

268 1839 402 1891 ποτὲ
424 1838 479 1891 δέ
498 1841 675 1892 ἐκεῖνο
703 1840 1065 1904 διδάσκοντες,
1093 1839 1185 1891 καί
1204 1838 1619 1908 μεταϐαίνοντες
1645 1838 1848 1891 άεὶάπὸ
1884 1821 1922 1877 Β

1884 1821 1922 1877 Β
1952 1824 2078 1875 dum
2132 1821 2352 1892 quidem
2390 1821 2512 1887 hoc,
2554 1824 2828 1879 interdum
2866 1842 2993 1881 vero
3044 1829 3178 1883 illud
3219 1832 3431 1895 docent,
3469 1843 3522 1887 et

266 1933 459 1985 τούτου
488 1934 567 1994 εἰς
592 1931 749 1985 τοῦτο
804 1932 1146 2003 πανούργως.
1201 1931 1443 1984 Τοιοῦτοι
1476 1934 1521 1984 oi
1554 1930 1842 2000 αίρετικοί.

266 2024 332 2076 Οἱ
354 2024 407 2074 δὲ
442 2024 692 2085 τοιοῦτοι,
729 2025 884 2091 φησι,
913 2027 1004 2075 καὶ
1036 2022 1333 2093 πανοῦργοι
1363 2022 1498 2091 πρὸς
1528 2022 1587 2072 τὸ
1625 2021 1846 2090 μέθοδον

265 2114 451 2181 εὑρεῖν
515 2113 611 2167 καὶ
668 2114 942 2181 πρόφασιν
981 2113 1210 2182 πλάνης,
1247 2113 1425 2165 πάντα
1450 2111 1586 2182 πρὸς
1612 2111 1671 2163 τὸ
1699 2111 1843 2163 άπα-

263 2207 427 2273 τῆσαι
482 2204 888 2273 μηχανώμενοι.
936 2206 1193 2257 κυϐείαν
1230 2204 1329 2273 τὴν
1369 2203 1709 2271 πανουργίαν
1740 2220 1843 2255 κα-

262 2295 364 2348 λεῖ.
397 2295 697 2363 Πεποίηται
728 2296 783 2348 δὲ
822 2297 929 2348 ἀπὸ
954 2294 1047 2348 τοῦ
1078 2295 1351 2348 κυϐεύειν
1377 2294 1437 2347 τὸ
1464 2293 1655 2363 ὄνομα,
1681 2295 1841 2347 ἰδιον

263 2386 321 2438 δὲ
355 2385 577 2449 τούτου,
609 2386 699 2447 τὸ,
729 2386 855 2457 τῇδε
889 2386 1109 2438 κάκεῖσε
1146 2384 1471 2452 μεταφέρειν
1505 2388 1599 2446 τάς
1629 2384 1839 2452 ψήφους

263 2480 831 2547 πανουργευομένους.
899 2495 917 2527 ι
958 2477 1339 2547 Ἀληθεύοντες
1384 2476 1441 2527 δὲ
1486 2478 1542 2527 ἐν
1573 2475 1784 2546 ἀγάπῃ.
1815 2492 1831 2525 ι

276 2569 504 2625 Ἐκεῖνοι
531 2572 627 2639 μὲν
662 2569 811 2631 νόθα,
849 2571 1003 2640 φησὶ,
1037 2571 1131 2622 καὶ
1159 2567 1329 2637 ψευδῆ
1354 2567 1668 2621 διδάσκουσι
1712 2567 1840 2637 περὶ

264 2658 343 2718 ὧν
378 2666 405 2716 ό
434 2663 612 2731 λόγος,
642 2665 801 2731 ἡμεῖς
824 2661 881 2714 δὲ
921 2660 1279 2731 ἀληθεύοντες
1309 2659 1366 2712 ἐν
1396 2676 1455 2711 τε
1485 2660 1716 2728 δόγμασι
1743 2658 1837 2711 καὶ

263 2752 366 2823 βίῳ
420 2752 517 2806 καὶ
575 2752 719 2820 λόγῳ
749 2752 807 2804 ἐν
849 2751 1058 2822 ἀγάπῃ.
1088 2750 1295 2814 Ἀλλως
1319 2749 1428 2817 γάρ
1460 2749 1560 2802 οὐκ
1590 2748 1669 2801 ἔνι
1704 2748 1837 2818 ἀλη-

260 2844 462 2897 θεύειν.
510 2842 846 2912 Αὑξήσωμεν
906 2844 999 2894 καὶ
1061 2841 1574 2911 ἐποικοδομήσωμεν
1610 2843 1690 2903 εἰς
1743 2840 1834 2892 τὸν

257 2936 496 3005 Χαριστδν
552 2934 650 3005 τὴν
700 2933 940 3003 κεφαλὴν
999 2934 1268 3002 ήμῶν,τὰ
1290 2933 1470 2987 πάντα
1527 2932 1703 3001 ἡμῶν,
1739 2934 1831 2986 καὶ

260 3027 394 3097 βίον,
453 3027 548 3079 καὶ
607 3026 785 3092 λόγον,
843 3027 939 3077 καὶ
994 3023 1259 3093 δόγματα.
1328 3044 1346 3076 ι
1384 3025 1472 3090 Ἐξ
1512 3024 1571 3078 οὗ
1635 3028 1741 3078 πᾶν
1771 3026 1832 3078 τὸ

258 3117 442 3189 σῶμα.
466 3137 483 3168 ι
542 3116 809 3185 Καθάπερ
845 3116 938 3168 ἐπὶ
1000 3117 1108 3167 τῶν
1156 3118 1440 3185 ἡμετέρων
1473 3117 1739 3206 σωμάτων
1770 3117 1830 3169 τὸ
1855 3143 1901 3206 C

252 3208 477 3277 πνεῦμα
508 3207 567 3259 τὸ
591 3204 815 3269 ζωτικὸν
838 3204 897 3256 τὸ
921 3204 1014 3258 ἀπ’
1044 3206 1347 3273 ἐγκεφάλου
1373 3206 1458 3259 διὰ
1484 3206 1589 3258 τῶν
1621 3204 1827 3275 νεύρων

251 3300 563 3369 κατιδνρὺχ
582 3299 768 3363 άπλῶς
797 3301 966 3351 πᾶσιν
986 3300 1183 3366 ἐμπνεῖ
1213 3301 1325 3359 τοῖς
1355 3298 1822 3368 μέλεσιδύναμιν,

250 3394 386 3447 ἀλλὰ
434 3393 495 3445 τὸ
545 3392 643 3459 μὲν
697 3391 880 3445 πλεῖόν
941 3408 991 3442 τι
1037 3388 1291 3452 δέξασθαι
1319 3388 1600 3459 δυναμένῳ
1643 3390 1826 3443 πλεῖον

250 3484 458 3547 δίδωσι,
490 3483 565 3553 τῷ
593 3484 649 3535 δὲ
688 3483 929 3543 ἔλαττον,
950 3480 1192 3544 ἔλαττον,
1211 3478 1356 3534 οὓτω
1386 3481 1477 3533 καὶ
1511 3482 1539 3533 ό
1569 3480 1822 3550 Χριστὸς,

250 3574 503 3642 καθάπερ
538 3571 715 3641 μελῶν
742 3573 849 3623 τῶν
885 3569 1175 3639 ἡμετέρων
1198 3568 1387 3637 ψυχῶν
1413 3569 1469 3634 ἐξ
1524 3568 1691 3622 αὑτοῦ
1733 3571 1826 3622 καὶ

248 3665 333 3727 εἰς
388 3664 549 3715 αὐτὸν
610 3661 1113 3730 ἀποκρεμαμένων,
1164 3664 1196 3730 ἡ
1267 3662 1613 3730 πνευματικὴ
1657 3662 1821 3715 αὑτοῦ

247 3754 479 3823 δύναμις
504 3756 595 3806 καὶ
624 3754 656 3823 ή
695 3752 801 3805 τῶν
837 3752 1188 3821 χαρισμάτων
1220 3752 1470 3820 διανομὴ,
1504 3754 1645 3804 κατὰ
1686 3754 1821 3806 ἀνα-

246 3850 434 3917 λογίαν
486 3849 603 3909 ne;
660 3849 890 3899 ἑκάστου
918 3846 1112 3916 μέλους
1152 3844 1317 3898 αὑτοῦ
1369 3848 1817 3916 προσαπτομένη,

246 3938 347 4011 τὴν
399 3937 626 4006 αῦξησιν
699 3939 934 3989 ποιεῖται
984 3934 1083 4004 τῆς
1151 3936 1528 4003 πνευματικῆς
1579 3935 1815 4005 ἡλικίας-

253 4034 390 4083 «Ara
420 4031 517 4098 τῆς
548 4028 713 4097 ἁφῆς,
753 4028 908 4097 φησὶ,
949 4026 1049 4096 τῆς
1082 4026 1460 4096 ἐπιχορηγίας,
1495 4045 1511 4076 ι
1550 4028 1817 4092 τουτέστι,

245 4122 336 4174 διά
386 4119 485 4188 τῆς
515 4122 572 4170 ἐν
599 4122 663 4187 τῇ
704 4120 837 4187 ἁφῇ,
863 4117 957 4169 καὶ
987 4111 1100 4169 οἷον
1157 4115 1362 4187 ἐρεύνῃ
1393 4116 1486 4167 τοῦ
1514 4118 1817 4186 ἐπιτηδείου

246 4212 608 4281 ἐπιχορηγίας
672 4209 985 4278 γινομένης.
1053 4207 1267 4276 Ἐκείνη
1316 4208 1426 4275 γὰρ
1473 4209 1505 4277 ἡ
1563 4208 1670 4259 ἀπὸ
1724 4207 1815 4260 τοῦ

245 4304 483 4373 Χριστοῦ
520 4301 785 4353 κατιοῦσα
808 4300 1158 4369 πνευματικὴ
1187 4298 1436 4367 δύναμις,
1455 4299 1567 4361 ἐνὸς
1588 4297 1815 4352 ἑκάστου

246 4395 442 4464 μέλους
474 4393 637 4446 αὑτοῦ
672 4391 978 4461 ἁπτομένη,
1005 4389 1178 4453 οὕτως
1205 4392 1437 4459 ἐνεργεῖ,
1479 4390 1552 4452 ὡς
1584 4392 1649 4443 ἂν
1683 4391 1819 4462 εὕρῃ

1951 1912 2175 1967 vafrieic
2229 1928 2329 1969 sua
2365 1930 2582 1986 semper
2637 1917 2704 1971 ab
2755 1919 2859 1973 hoc
2901 1920 2968 1974 ad
3022 1920 3155 1975 illud
3208 1932 3518 1981 transeunt.

1948 2002 2272 2073 Hujusmodi
2304 2015 2431 2059 sunt
2471 2007 2736 2062 heretici.
2782 2009 3112 2079 Hujusmodi
3143 2021 3323 2067 autem
3354 2016 3519 2069 etiam

1948 2094 2114 2146 astuti
2154 2093 2331 2162 inquit
2406 2095 2472 2149 ad
2507 2096 2901 2151 inveniendum
2951 2102 3161 2154 semina
3182 2111 3236 2155 ct
3267 2102 3517 2156 occasio-

1947 2201 2067 2240 nem
2093 2186 2449 2257 deceptionis,
2483 2191 2665 2245 omnia
2696 2190 3087 2245 machinantur
3124 2205 3182 2248 ut
3217 2194 3405 2250 fallant
3454 2214 3517 2253 ac

1943 2278 2247 2347 imponant,
2289 2280 2517 2333 κυϐείαν
2543 2292 2725 2336 autem
2771 2282 2907 2337 dicit
2940 2286 3235 2340 versutiam
3278 2297 3330 2342 ct
3363 2299 3518 2343 astu-

1944 2372 2097 2425 tiam.
2130 2370 2357 2426 Factum
2386 2381 2472 2428 est
2500 2383 2685 2429 autem
2721 2390 2919 2431 nomen
2955 2393 2983 2429 a
3012 2378 3282 2447 κυϐεύειν,
3319 2381 3369 2435 id
3406 2394 3513 2448 est,

1942 2462 2146 2515 taxillis
2173 2461 2359 2518 ludere
2402 2481 2418 2517 :
2461 2464 2605 2534 quod
2638 2464 2711 2518 ibi
2737 2467 2977 2523 versutis
3008 2467 3278 2525 familiare
3300 2473 3371 2526 sit
3397 2476 3511 2527 cal-

1941 2553 2094 2608 culos
2123 2554 2224 2609 hac
2246 2563 2298 2609 et
2337 2555 2461 2610 illac
2490 2566 2913 2614 transmutare.c
2955 2559 3059 2615 Sed
3085 2564 3366 2617 veritatem
3392 2581 3508 2618 ser-

1943 2656 2140 2700 vantes
2164 2652 2217 2700 in
2251 2646 2543 2703 charitate.
2574 2647 2887 2717 rSiquidem
2908 2652 2979 2705 illi
3007 2652 3075 2707 de
3092 2655 3291 2723 quibus
3325 2672 3510 2712 sermo

1936 2748 2041 2804 est,
2073 2740 2383 2793 adulterina
2418 2751 2472 2792 et
2504 2740 2637 2794 falsa
2655 2741 2875 2806 docent,
2901 2758 3001 2798 nos
3023 2753 3205 2800 autem
3228 2749 3509 2805 veritatem

1937 2839 2219 2885 servantes
2241 2831 2297 2884 in
2317 2830 2586 2901 dogmatis
2617 2845 2669 2887 et
2700 2835 2807 2888 vita
2840 2849 2903 2889 ac
2926 2851 3201 2901 sermone,
3232 2841 3283 2894 in
3327 2842 3510 2896 chari-

1937 2929 2081 2988 tate;
2108 2922 2352 2991 alioquin
2375 2924 2515 2977 enim
2540 2939 2647 2979 non
2668 2926 2936 2997 contingit
2957 2943 3177 2985 servare
3200 2934 3505 3001 veritatem,

1933 3029 2253 3070 crescamus
2274 3022 2326 3069 et
2351 3014 2688 3070 :edilicemur
2710 3018 2761 3070 in
2776 3017 3054 3074 Christum
3070 3035 3131 3074 ea
3142 3033 3234 3091 put
3257 3035 3506 3079 nostrum

1935 3121 2034 3174 per
2058 3106 2244 3159 omnia
2278 3116 2468 3161 nostra
2489 3116 2542 3162 et
2562 3109 2730 3161 vitam
2760 3119 2812 3164 et
2844 3126 3128 3168 sermones
3147 3130 3209 3168 ac
3232 3117 3504 3186 dogmata.

1942 3215 1959 3248 ι
2001 3195 2073 3251 Ex
2104 3212 2213 3266 quo
2245 3206 2418 3253 totum
2466 3214 2686 3268 corpus.
2727 3220 2744 3253 ι
2788 3201 3259 3267 Quemadmodum
3295 3207 3348 3260 in
3403 3224 3501 3261 no-

1934 3291 2064 3346 stris
2096 3292 2427 3362 corporibus
2460 3293 2685 3360 spiritus
2748 3293 2893 3348 italis
2927 3308 2954 3347 a
2987 3296 3215 3350 cerebro
3249 3314 3342 3366 per
3374 3315 3501 3352 ner-

1931 3395 2031 3435 vos
2077 3382 2445 3449 descendens,
2480 3399 2588 3437 non
2620 3384 2907 3453 aequaliter
2931 3386 3189 3441 omnibus
3244 3389 3503 3446 membris

1933 3473 2168 3542 inspirat
2199 3476 2458 3530 virtutem
2492 3491 2506 3529 :
2538 3475 2633 3531 sed
2666 3477 2796 3530 huic
2828 3477 3052 3545 quidem
3108 3481 3346 3547 amplius
3401 3498 3501 3549 po-

1932 3566 2068 3618 tenti
2101 3567 2401 3634 suscipere,
2435 3567 2559 3636 plus
2598 3568 2812 3629 tribuit,
2843 3569 2891 3622 ei
2918 3578 3098 3622 autem
3135 3571 3279 3639 quod
3321 3572 3503 3625 minus

1931 3667 2130 3727 potest,
2166 3660 2346 3713 minus
2370 3659 2670 3729 elargitur:
2700 3660 2772 3712 ita
2802 3670 2856 3714 et
2900 3661 3176 3715 Christus.
3215 3661 3497 3732 Tanquam

1930 3753 2075 3804 enim
2114 3752 2373 3806 membris
2397 3753 2703 3805 animarum
2732 3762 3048 3806 nostrarum
3079 3770 3143 3808 ex
3189 3755 3308 3823 ipso
3336 3766 3386 3809 et
3444 3760 3499 3809 in

1930 3844 2109 3911 ipsum
2161 3845 2557 3913 pendentibus,
2608 3845 2918 3911 spiritualis
2946 3847 3066 3913 ejus
3106 3848 3280 3900 virtus
3307 3862 3370 3901 ac
3403 3850 3502 3901 do-

1928 3952 2122 3991 norum
2156 3938 2372 4002 divisio,
2396 3938 2548 4006 juxta
2591 3940 2998 4008 proportionem
3036 3940 3303 4010 cujusque
3327 3943 3498 4010 ipsius

1929 4029 2157 4081 membri
2208 4028 2500 4098 applicata,
2557 4038 2907 4099 augmentum
2980 4030 3145 4084 efﬁcit
3191 4034 3498 4101 spiritualis

1926 4120 2122 4173 aetatis.
2163 4138 2181 4169 ε
2225 4121 2325 4173 Per
2359 4128 2562 4174 tactum
2594 4121 3149 4177 snbministrationis.
3185 4139 3205 4174 ι
3245 4123 3358 4177 lloc
3388 4136 3493 4189 est,

1928 4228 2022 4282 per
2046 4220 2225 4280 aptam
2262 4214 2830 4268 subministrationem
2857 4230 2979 4283 quae
3002 4216 3056 4268 ﬁt
3087 4216 3140 4269 in
3175 4229 3496 4272 contrecta-

1926 4305 2075 4357 tione
2110 4311 2163 4357 et
2196 4304 2340 4357 velut
2381 4304 2435 4356 in
2473 4305 2835 4358 scrutatione.
2877 4304 3190 4374 Spiritualis
3222 4309 3370 4360 enini
3405 4310 3495 4362 illa

1924 4395 2100 4449 virtus
2151 4410 2273 4463 qua!
2305 4409 2333 4447 a
2390 4393 2611 4449 Christo
2670 4395 2956 4450 descendit
3001 4396 3201 4465 cuique
3251 4401 3497 4452 membro

245 4487 366 4538 τινὰ
429 4485 566 4552 πρὸς
625 4483 892 4554 ὑποδοχὴν
944 4483 1273 4552 ἐπιτήδειον,
1329 4484 1402 4546 ὡς
1428 4484 1475 4536 εί
1518 4484 1690 4552 ἔλεγεν
1736 4486 1815 4536 Τά
1852 4492 1893 4545 ι)

1852 4492 1893 4545 ι)
1924 4483 2100 4552 ipsius
2127 4485 2213 4547 lita
2243 4485 2351 4536 vim
2381 4485 2577 4547 exerit,
2608 4484 2722 4555 38
2751 4486 2895 4540 sicut
2938 4487 3195 4557 quodque
3227 4489 3494 4544 invenerit

247 4578 386 4645 μέλη
416 4575 510 4627 τοῦ
571 4573 809 4643 Χριστοῦ
841 4574 1027 4643 ἡμεῖς,
1068 4574 1257 4642 φησὶν,
1290 4576 1340 4626 oi
1372 4574 1648 4643 ἄνθρωποι
1678 4574 1819 4626 κατὰ

241 4671 342 4736 τὴν
397 4666 690 4732 ἀναλογίαν
748 4664 843 4717 τοῦ
893 4664 1097 4716 οίκείου
1165 4665 1540 4735 πνευματικοῦ
1612 4666 1813 4735 μέτρου

241 4758 525 4826 δεχόμενοι
566 4755 665 4824 τὴν
697 4756 805 4808 άπὸ
834 4754 927 4808 τοῦ
958 4754 1196 4823 Χριστοῦ
1229 4757 1611 4827 ἐπιχορηγίαν,
1650 4757 1814 4824 αὔξο-

245 4868 367 4916 μεν.
398 4848 470 4899 Τὸ
500 4846 608 4917 γάρ
634 4845 853 4915 πνεῦμα
883 4846 1090 4898 ἄνωθεν
1121 4848 1380 4917 ἐπιρῤἑον
1422 4849 1532 4902 άπὸ
1560 4849 1651 4900 τοῦ
1679 4850 1814 4919 Χρι-

243 4940 371 4993 στοῦ
422 4939 666 5007 ἀφθόνως
709 4938 803 4990 καὶ
856 4935 1281 5006 χορηγούμενον,
1314 4937 1532 4991 πάντων
1571 4938 1813 5006 ἐφαπτόι

241 5048 407 5100 μενον
463 5029 571 5081 τῶν
601 5031 679 5090 είς
708 5029 845 5097 μέλη
910 5026 1207 5079 τελούντων
1252 5028 1345 5080 τοῦ
1380 5028 1639 5097 Χριστοῦ,
1676 5030 1811 5100 πρὸς

245 5123 335 5192 τὴν
380 5120 673 5188 ἀναλογίαν
725 5120 823 5187 τῆς
866 5119 1097 5172 ἑκάστου
1153 5120 1435 5184 δυνάμεως
1458 5121 1556 5191 τὴν
1585 5119 1811 5191 αὔξησιν

243 5218 494 5267 ποιεῖται.
545 5243 614 5253 —
661 5210 1006 5284 [ΟΙΚΟΥΜ.]
1062 5212 1209 5282 Ὅρα
1232 5212 1283 5264 τί
1331 5212 1487 5280 κάγὼ
1560 5213 1805 5283 ἐνόμισα.

231 5304 373 5361 Οὔτε
438 5304 546 5373 γὰρ
602 5303 853 5373 ἐχώρησα
889 5303 957 5355 τά
1014 5302 1109 5356 τοῦ
1170 5304 1444 5373 μακαρίου
1495 5308 1703 5373 νοῆσαι.
1737 5334 1809 5343 -

230 5391 464 5467 [MHDL]
517 5393 605 5458 Ἐξ
636 5390 710 5459 ,οῦ
745 5393 981 5461 Χριστοῦ
1021 5396 1125 5447 πᾶν
1160 5395 1220 5447 τὸ
1247 5395 1408 5464 σῶμα
1438 5396 1539 5465 τῆς
1574 5396 1807 5466 Ἐκκλη-

233 5490 352 5550 σίας
391 5485 966 5555 συναρμολογούμενον
991 5485 1138 5555 αὐτῷ
1178 5486 1273 5541 καὶ
1310 5486 1802 5557 συμδιὸαζόμενον,

228 5578 502 5645 τουτέστι,
537 5577 1040 5645 συγκεκολλημένον
1063 5577 1211 5646 αὐτῷ
1243 5579 1334 5630 καὶ
1359 5580 1801 5648 προσηνωμένον,

230 5678 307 5732 ὼς
344 5666 450 5739 ίδίᾳ
512 5667 744 5738 κεφαλῇ.
792 5666 883 5731 Ἐξ
910 5667 1071 5720 αὑτοῦ
1119 5669 1230 5739 γάρ
1278 5669 1411 5737 ἡμῖν
1442 5669 1503 5720 τὸ
1547 5668 1805 5739 κεκολλῆ-

234 5757 354 5809 501-.
404 5755 570 5818 αἰτῷ.
636 5755 1048 5822 Κεκολλημένον
1092 5757 1189 5822 δὲ,
1253 5756 1341 5810 διὰ
1395 5758 1573 5826 πάσης
1638 5758 1797 5825 ἁφῆς,

1925 4584 2110 4643 aptum
2146 4574 2213 4627 ad
2251 4575 2684 4643 susceptionem,
2725 4591 2787 4630 ac
2816 4577 2862 4630 si
2894 4577 3100 4631 diceret
3132 4594 3145 4629 :
3177 4577 3290 4632 Nos
3320 4581 3494 4633 homi-

1921 4682 2019 4720 nes
2077 4666 2169 4734 qui
2222 4666 2465 4719 Inembra
2515 4666 2719 4720 Christi
2768 4682 2982 4731 smnus,
3034 4668 3189 4736 juxta
3216 4675 3486 4738 propriam

1920 4754 2226 4823 spiritualis
2269 4768 2544 4809 mensurae
2612 4756 3049 4825 proportionem,
3122 4760 3489 4826 suscipientes

1917 4860 2036 4916 quae
2085 4862 2113 4899 a
2167 4845 2388 4900 Christo
2430 4856 2514 4900 est
2568 4846 3155 4910 subministrationem,
3202 4864 3485 4918 augentur,

1916 4935 2144 5005 spiritus
2168 4951 2406 5005 namque
2435 4951 2669 5004 superne
2703 4952 2731 4989 a
2753 4937 2972 4991 Christo
2996 4938 3229 4993 inﬂuens
3265 4942 3482 4995 abunde

1913 5038 1964 5082 et
1983 5028 2452 5090 subministratus,
2479 5028 2736 5082 omnibus
2766 5027 3053 5098 adaptatus
3074 5033 3162 5101 qui
3201 5032 3253 5085 in
3281 5033 3485 5088 Christi

1914 5118 2154 5171 membra
2184 5117 2559 5185 perﬁciuntur,
2603 5118 2759 5187 juxta
2819 5121 3226 5187 proportionem
3267 5121 3485 5177 virtutis

1912 5209 2342 5278 uniuscujusque
2365 5206 2495 5263 facit
2512 5210 3117 5279 augmentuni.Anitiiad
3128 5222 3271 5266 verte
3288 5214 3415 5282 quid
3431 5225 3484 5269 et

1913 5300 2042 5352 mihi
2067 5301 2240 5355 visum
2274 5301 2347 5353 sit
2384 5317 2397 5353 :
2441 5316 2614 5369 neque
2655 5302 2797 5355 enim
2828 5316 2893 5354 eo
2920 5317 3245 5371 progressus
3271 5319 3390 5358 sum
3424 5317 3483 5357 ut

1907 5392 2308 5446 considerarem
2332 5405 2395 5444 ac
2414 5392 2768 5460 intelligerent
2791 5408 2912 5461 qua:
2938 5395 3107 5462 ipsius
3131 5396 3307 5449 sancti
3332 5406 3480 5451 sunt.

1907 5485 1945 5535 Α
1982 5498 2092 5552 quo
2160 5483 2380 5537 Christo
2420 5498 2581 5537 omne
2624 5498 2826 5551 corpus
2877 5485 3135 5539 Ecclesiae
3187 5488 3331 5556 quod
3378 5488 3482 5557 ipsi

1906 5583 2187 5641 coaptatur
2219 5574 2669 5643 etcompingitur,
2718 5574 2820 5628 hoc
2851 5582 2951 5641 est,
2994 5577 3399 5646 conglutinatur
3427 5586 3483 5633 et

1906 5665 1969 5718 ad
2018 5681 2138 5719 eum
2182 5667 2367 5718 unitur
2423 5672 2678 5733 tanquam
2736 5663 2803 5718 ad
2861 5666 3140 5734 proprium
3173 5675 3336 5735 caput
3367 5684 3379 5718 :
3412 5667 3484 5722 ab

1905 5759 2023 5826 ipso
2056 5760 2198 5813 enim
2226 5759 2484 5812 habemus
2518 5764 2572 5809 ut
2604 5757 2651 5809 ei
2688 5754 3064 5810 adhaereamus
3112 5758 3226 5812 sive
3250 5758 3484 5810 arciuu-
