4216 6450
238 386 375 450 12⁸25

1267 388 1652 453 COMMEXT.
1697 389 1774 448 IN
1814 388 2051 448 EPIST.
2082 388 2181 449 AD
2228 388 2493 449 EI‘IIES.

3384 403 3404 456 t
3422 397 3523 456 2‘26

320 500 522 572 Ἐχρῆν
549 501 624 574 μὴ
654 503 813 572 μόνον
846 501 935 556 διὰ
956 500 1052 556 τοῦ
1081 505 1392 572 παραινεῖν,
1420 501 1559 556 ἀλλά
1612 502 1704 554 καὶ
1733 499 1823 553 διὰ

1998 497 2259 568 Oportuit
2298 514 2407 552 non
2436 499 2617 554 solum
2639 502 3008 568 exhortando,
3048 505 3143 560 sed
3179 517 3233 561 et
3265 514 3522 564 ωτι-σικύα.

231 591 332 646 τοῦ
392 591 579 661 φοϐεῖν
630 594 726 647 καὶ
759 595 837 664 τῷ
868 594 985 664 Θεῷ
1039 594 1412 664 παραδιδόναι,
1443 594 1544 665 τὴν
1572 593 1830 647 διδασκα-

233 685 359 738 λίαν
416 686 768 755 ἐργάζεσθαι.
814 687 1207 759 Μαρτύρομαι,
1262 690 1449 757 φησὶν,
1506 689 1564 739 ὲν
1615 687 1828 757 Κυρίῳ.

235 779 508 842 τουτέστι,
536 782 793 851 μάρτυρα
816 782 907 834 τὸν
936 782 1142 852 Κύριον
1168 781 1338 845 καλῶ,
1370 782 1453 834 ὃτι
1481 777 1637 833 εἷπον
1668 780 1720 833 τί
1752 779 1832 830 δεῖ

237 870 386 938 ὑμᾶς
420 874 704 940 πράττειν.
740 874 885 944 Ὅρα
913 874 970 927 δὲ
1020 874 1233 942 σοφίαν.
1281 873 1396 926 Οὐκ
1434 869 1578 935 εἷπε,
1616 870 1829 940 Μηκέτι

238 963 385 1031 ὑμᾶς
418 969 762 1033 περιπατεῖν,
795 966 978 1029 καθὼς
1020 970 1398 1036 περιπατεῖτε.
1429 966 1695 1038 (Ἐπληξε
1720 966 1830 1035 γὰρ

239 1054 356 1120 ἄν.)
424 1054 585 1108 ’Λλλά
639 1056 796 1108 τοῦτο
858 1056 958 1125 μὲν
1011 1058 1305 1127 ἐδήλωσεν,
1351 1057 1459 1110 ἀπὸ
1512 1057 1569 1109 δὲ
1625 1057 1829 1127 ἐτέρων

238 1145 416 1215 ἤγαγε
458 1146 517 1198 τὸ
576 1148 951 1217 παράδειγμα.
1018 1167 1035 1200 ι
1077 1150 1164 1203 Ἑν
1196 1151 1517 1220 ματαιότητι
1580 1150 1672 1203 τοῦ
1712 1150 1831 1212 νοὸς

238 1237 442 1291 αὐτῶν.
479 1257 497 1289 ι
534 1270 603 1279 —
635 1238 949 1311 [ΦΩΤ.]Είς
970 1242 1032 1293 τὸ
1065 1241 1140 1312 μὴ
1180 1245 1306 1312 περὶ
1331 1243 1401 1295 τὰ
1435 1244 1644 1312 μάταια
1668 1243 1831 1311 ἀσχο-

239 1334 451 1385 λεῖσθαι
496 1335 589 1386 τὸν
634 1333 757 1386 νοῦν
810 1334 1084 1402 ὑμῶν.οὑ
1109 1336 1178 1387 τα
1203 1335 1303 1404 τῆς
1366 1335 1624 1405 ἀληθείας
1700 1350 1831 1404 φρο-

242 1422 461 1486 νοῦντες
533 1425 631 1476 καὶ
677 1425 1029 1486 πιστεύοντες
1091 1424 1187 1477 καὶ
1249 1424 1663 1492 ἀποδεχόμενοι,
1713 1424 1812 1477 ἀλλ

240 1514 388 1584 ἆπερ
427 1515 492 1567 ἂν
521 1516 549 1566 ὁ
585 1514 708 1578 νοῦς
762 1515 942 1567 αὐτῶν
1004 1515 1183 1585 μάτην
1235 1515 1525 1585 ἀνα-πλάσῃ
1564 1519 1657 1568 καὶ
1684 1514 1832 1582 λογί-

240 1624 427 1676 σηται.
465 1608 530 1658 Τί
564 1608 608 1658 δ’
636 1608 701 1660 ἂν
734 1609 827 1660 καὶ
876 1606 1149 1675 λογίσοιτο
1204 1607 1313 1661 τῶν
1368 1608 1571 1671 καλῶν,
1605 1610 1631 1659 ὀ
1669 1609 1830 1660 ἐσκο-

239 1701 508 1769 τισμένην
563 1698 700 1767 ἔχων
756 1699 856 1767 τὴν
908 1699 1189 1763 διὰνοιαν;
1233 1718 1249 1749 ι
1318 1699 1728 1766 Ἐσκοτισμὲνοι
1763 1701 1827 1767 τῇ

238 1790 468 1860 διανοίᾳ.
500 1809 517 1839 ι
555 1791 627 1842 Τὸ
661 1790 769 1856 γὰρ
808 1788 1011 1857 πλῆθος
1046 1789 1155 1840 τῶν
1211 1789 1485 1859 βιωτικῶν
1519 1788 1827 1858 ἁμαρτιῶν,

1932 601 1987 646 et
2016 589 2125 647 Deo
2168 591 2457 656 tradendo,
2504 591 2773 649 doctrinae
2838 611 3062 665 operam
3097 598 3250 653 dare.
3304 598 3521 661 Testor.

1934 682 2134 751 inquit,
2163 698 2259 752 per
2296 684 2612 749 Dominum,
2633 686 2735 739 hoc
2766 696 2852 742 est
2884 697 3077 747 testem
3108 692 3306 747 invoco
3341 693 3519 750 Domi-

1935 790 2089 838 num,
2118 776 2263 844 quod
2325 777 2559 833 dixerim
2610 780 2745 849 quid
2804 795 2903 835 vos
2951 792 3203 852 Oporteat
3248 802 3432 856 agere.
3461 788 3526 843 Et

1933 866 2315 921 animadverte
2331 872 2681 937 sapientiam.
2706 871 2824 926 Non
2844 873 3017 928 dixit:
3046 874 3128 931 Ne
3159 880 3384 946 posthac
3408 896 3525 934 am-

1936 958 2132 1013 buletis
2157 960 2301 1014 sicut
2342 962 2707 1021 ambulabatis
2736 987 2745 1020 :
2789 967 2892 1020 hoc
2918 968 3065 1021 enim
3100 969 3262 1023 modo
3286 969 3526 1027 feriisset

1933 1066 2068 1105 cos:
2105 1046 2215 1122 40
2248 1054 2351 1106 hoe
2384 1062 2565 1107 tamen
2619 1056 2902 1121 indicavit,
2936 1060 3031 1114 sed
3083 1062 3152 1115 ab
3205 1062 3329 1117 aliis
3368 1064 3526 1117 duxit
3600 1068 3605 1073 ’

1936 1149 2269 1216 exemplum.
2310 1170 2327 1201 ι
2367 1148 2426 1203 In
2476 1151 2718 1204 vanitate
2750 1155 2950 1208 mentis
2974 1170 3108 1209 sum.
3143 1174 3161 1207 ι
3204 1186 3271 1195 ——
3306 1155 3376 1210 Ut
3415 1174 3524 1211 non

1933 1247 2234 1308 occupetur
2257 1243 2404 1293 circa
2432 1257 2573 1295 vana
2602 1259 2759 1298 mens
2793 1255 2996 1298 vestra.
3032 1246 3406 1315 lntclligcntes
3473 1260 3529 1303 ct

1934 1332 2224 1384 credentes
2255 1348 2319 1386 ac
2375 1335 2741 1401 suscipientes
2774 1352 2881 1388 non
2924 1351 3045 1405 qum
3084 1339 3336 1392 veritatis
3374 1351 3525 1403 sunt,

1935 1420 2030 1473 sed
2081 1436 2432 1491 quaecunque
2471 1438 2625 1476 mens
2659 1425 2904 1493 ipsorum
2973 1443 3110 1482 vane
3159 1439 3528 1484 commentata

1937 1512 2097 1566 fuerit
2141 1529 2205 1567 ac
2255 1515 2670 1584 excogitaverit.
2695 1518 2834 1582 Quid
2858 1520 3002 1571 enim
3023 1536 3215 1575 eorum
3238 1539 3357 1588 «pun
3381 1532 3527 1577 ietti

1936 1614 2064 1660 sunt
2098 1606 2341 1674 cogitare
2364 1617 2549 1675 posset
2583 1610 2674 1677 qui
2721 1620 2959 1666 mentem
2990 1613 3152 1666 habet
3198 1616 3529 1670 obtcnebra-

1937 1699 2087 1751 tam?
2148 1715 2167 1749 ι
2233 1698 2588 1754 Obtenebrati
2660 1714 2861 1757 mente.
2908 1723 2925 1756 ι
2968 1704 3260 1760 Multitudo
3294 1723 3530 1777 namque

1938 1788 2342 1842 mundanorum
2392 1800 2743 1858 peccatorum
2840 1795 3013 1848 aciem
3067 1798 3267 1851 mentis
3310 1800 3531 1852 obtene.

240 1884 302 1935 τὸ
332 1883 643 1953 διορατικδν
686 1882 787 1951 τῆς
810 1882 1048 1944 διανοίας
1083 1881 1453 1945 ὲπισκοτίξον,
1481 1882 1608 1934 ἰδεῖν
1638 1882 1737 1934 οὐκ

1938 1881 2105 1936 brans
2139 1897 2245 1934 non
2282 1882 2410 1935 sinit
2447 1884 2645 1937 intueri
2709 1884 2891 1937 Solem
2954 1885 3185 1953 jnstitir.
3218 1886 3528 1953 Christum,

240 1975 335 2027 τὸν
370 1974 560 2026 Ἥλιον
595 1974 693 2043 τῆς
736 1974 1089 2042 δικαιοσύνης
1117 1974 1372 2045 Χριστόν.
1404 1971 1596 2027 Ἔνθεν
1622 1975 1833 2042 γίνεται

243 2071 277 2138 ἡ
310 2071 569 2139 πώρωσις
603 2071 699 2137 τῆς
749 2070 997 2139 καρδίας,
1041 2070 1177 2139 ὅπερ
1225 2070 1608 2140 παρακατιὼν,
1644 2072 1832 2138 φησιν,

240 2164 408 2214 οἱονεὶ
452 2162 712 2232 πώρωσίς
763 2180 848 2224 τις
899 2159 1032 2215 οὖσα
1092 2162 1187 2214 καὶ
1242 2162 1594 2231 ἀναισθησία.
1621 2163 1695 2215 Τὸ
1726 2162 1833 2230 γὰρ

243 2255 656 2323 ἐσκοτισμένον,
714 2255 1059 2326 ἀναίσθητον.
1129 2257 1269 2309 «Διά
1316 2256 1412 2326 τὴν
1455 2258 1679 2324 ἄγνοιαν
1735 2257 1834 2327 τὴν

242 2344 411 2400 οὖσαν
448 2350 503 2399 ἐν
536 2350 739 2410 αὐτοῖς.
767 2368 785 2399 ι
820 2350 880 2401 EI
916 2348 1007 2401 οὖν
1036 2350 1315 2417 ἀγνοοῦσι,
1352 2350 1578 2419 φήσειέν
1603 2367 1707 2412 τις,
1741 2352 1836 2401 καὶ

241 2443 290 2492 εί
337 2441 731 2511 πεπώρωνται,
778 2442 879 2494 οὐκ
933 2442 1074 2505 ἄξιοι
1137 2444 1507 2513 ἐγκλημάτων
1569 2446 1679 2497 είσὶ
1740 2444 1836 2513 καὶ

244 2532 548 2601 τιμωριῶν,
592 2531 729 2583 ἀλλὰ
759 2530 962 2600 μᾶλλον
982 2532 1077 2584 τοῦ
1145 2533 1361 2600 μαθεῖν.
1400 2534 1541 2587 Ἀλλ’
1577 2536 1679 2602 ὅρα
1714 2536 1832 2597 πῶς

243 2624 429 2677 αὐτῶν
483 2626 801 2692 ἀφαιρεῖται
855 2625 953 2693 τὴν
981 2624 1337 2695 συγγνώμην.
1375 2625 1609 2686 Οἵτινες,
1645 2628 1833 2694 φησν,

241 2715 627 2783 ἀπηλγηκότες
679 2717 910 2778 ἑαυτοὺς
966 2717 1297 2785 παρέδωκαν
1346 2719 1412 2786 τῇ
1443 2716 1704 2788 ἀσελγείᾳ
1756 2718 1836 2778 εἰς

246 2808 513 2877 ἐργασίαν
561 2809 907 2879 ἀκαθαρσίας
970 2810 1174 2877 τέἀσης.
1204 2810 1457 2862 Δείκνυσι
1499 2809 1834 2880 γαρότιτῆς

244 2900 471 2968 ἀγνοίας
524 2904 618 2953 καί
676 2901 775 2970 τῆς
833 2900 1147 2967 πωρώσεως
1181 2904 1208 2954 ὁ
1259 2901 1374 2969 βίος
1414 2904 1601 2963 αὐτοῖς
1639 2901 1835 2962 αἴτιος.

258 2995 318 3047 Ὀ
348 2994 401 3044 δὲ
440 2992 574 3061 βίος,
610 2993 666 3056 ἐξ
695 2992 901 3056 οἰκείας
930 2995 1123 3061 γέγονε
1183 2995 1457 3065 ῥᾳθυμίας
1526 2995 1621 3046 καὶ
1672 2994 1839 3046 ἀναλ-

244 3088 467 3155 γησίας.
507 3086 778 3148 Ἑαυτοὺς
804 3087 933 3156 γὰρ,
970 3086 1125 3154 φησὶ,
1157 3087 1503 3156 παρέδωκαν.
1538 3086 1713 3138 ”Οταν
1743 3082 1837 3138 οἷν

244 3183 325 3239 είς
348 3180 445 3246 τὴν
478 3178 612 3246 πρὸς
664 3178 971 3246 Ῥωμαίους
1004 3176 1191 3246 εὕρῃς,
1230 3196 1247 3226 ι
1276 3178 1598 3246 [ίαρὲδωκεν
1638 3178 1835 3238 αὐτοὺς

243 3275 273 3325 ὸ
301 3273 431 3333 Θεὸς
470 3274 550 3333 εἰς
595 3270 856 3340 ἀδόκιμον
911 3270 1056 3335 νοῦν,
1087 3289 1104 3319 ι
1147 3270 1290 3322 κατὰ
1326 3269 1423 3338 τὴν
1454 3270 1690 3324 ἐνταῦθα
1721 3270 1837 3321 δια-

244 3382 398 3417 νοιαν
432 3364 565 3416 αὐτὸ
586 3363 717 3414 νόει.
778 3362 1131 3433 Συνεχώρησε
1162 3363 1271 3430 γὰρ
1301 3362 1328 3412 ὁ
1359 3363 1491 3423 Θεὸς
1523 3363 1837 3432 παραδοθῆ-

246 3476 335 3513 ναι
366 3459 585 3519 αὐτοὺς,
620 3455 809 3523 ἐπειδὴ
839 3456 1029 3507 τούτου
1063 3455 1246 3518 ἀξίους
1288 3454 1514 3515 ἑαυτοὺς
1550 3453 1832 3523 ἐποίησαν.

253 3572 271 3603 ι
297 3552 396 3605 Διά
445 3552 542 3621 τὴν
601 3550 880 3619 πώρωσιν.
911 3569 927 3599 ι
962 3549 1061 3601 Διά
1098 3549 1197 3617 τὴν
1234 3549 1616 3616 ἀναισθησίαν.
1661 3551 1839 3603 Ἀναι-

248 3643 482 3713 σθησίαν
530 3642 639 3711 γὰρ
694 3644 852 3711 φέρει
898 3640 992 3693 τοῦ
1049 3640 1284 3709 φωτὺςὴ
1330 3641 1618 3707 σκὸτωσις,
1651 3644 1728 3712 τῷ
1763 3643 1837 3712 μὴ

244 3738 395 3806 ἔχειν
424 3739 481 3787 ὲν
518 3737 734 3796 ἑαυτοῖς
780 3734 944 3800 φόϐον
1006 3733 1165 3786 Θεοῦ.
1225 3752 1242 3784 ι
1272 3734 1503 3796 Οἴτινες.
1527 3754 1545 3784 ι
1615 3737 1706 3797 EE;
1744 3737 1838 3787 τὸν

247 3828 571 3898 παράνομον
647 3824 1017 3888 ἐξοκείλαντες
1098 3824 1211 3894 βίον
1257 3865 1271 3887 ,
1361 3824 1678 3893 καταδραχίι
1738 3826 1837 3894 τὴν

246 3918 589 3987 ἀναλγησίαν
655 3917 942 3987 ἐνόσησαν.
1039 3934 1057 3965 ι
1112 3916 1546 3985 Ἀπηλγηκοτες.
1600 3936 1618 3966 ι
1710 3910 1835 3969 υἷον

249 4009 575 4078 ἀναλγήτως
602 4007 896 4076 ἐσχηκότες
923 4006 1015 4058 καὶ
1050 4004 1491 4076 ρᾳθυμήσαντες,
1526 4006 1621 4058 καὶ
1635 4009 1835 4071 καμεῖν

248 4105 326 4172 μὴ
370 4101 724 4171 βουληθέντες
750 4101 885 4169 πρὸς
908 4099 1127 4169 εὕρεσιν
1165 4099 1258 4151 τοῦ
1290 4097 1478 4151 καλοῦ.
1519 4117 1537 4148 ι
1574 4098 1835 4160 Ἑαυτοὺς

245 4182 580 4263 παρέδωκαν
636 4194 701 4261 τῇ
756 4190 1037 4261 ἀσελγείᾳ.
1063 4209 1080 4242 ›
1144 4190 1267 4253 Πῶς
1298 4190 1407 4260 γάρ
1440 4192 1466 4242 ὁ
1493 4191 1549 4241 ἐν
1575 4190 1836 4260 ἀσελγείᾳ

246 4284 638 4351 ἐξεταζόμενος
704 4282 962 4353 δυνηθείη
1014 4281 1218 4350 γνῶναι
1249 4282 1411 4347 θεόνς
1453 4282 1664 4335 Οὐκοῦν
1690 4285 1723 4352 ἡ
1753 4283 1837 4334 al-

242 4376 338 4427 τία
396 4376 494 4443 τῆς
550 4374 799 4441 ἀγνοίας,
836 4376 869 4444 ἡ
896 4374 1181 4443 ἀσέλγεια,
1212 4375 1246 4443 ἦ
1274 4392 1358 4437 τις
1416 4375 1558 4426 κατὰ
1605 4376 1835 4445 γνώμην

245 4467 645 4536 ἁμαρτάνεται.
712 4487 730 4518 ι
778 4469 872 4528 Εἰς
925 4468 1191 4537 ἐργασίαν
1243 4466 1610 4536 ἀκαθαρσίας.
1649 4486 1667 4516 ι
1746 4468 1833 4530 Ὠς

1941 1971 2086 2025 unde
2118 1972 2416 2026 obstinatio
2461 1976 2635 2028 oritur
2686 1976 2894 2039 cordis,
2929 1977 3075 2046 quod
3136 1978 3187 2031 in
3235 1997 3527 2051 progressu

1939 2062 2072 2115 dicit
2105 2071 2368 2133 tanquam
2430 2067 2650 2122 caecitas
2702 2068 2954 2138 qua-dam
2992 2080 3046 2124 et
3100 2072 3525 2130 insensibilitas.

1940 2154 2337 2212 Obtenebratio
2391 2160 2538 2211 enim
2585 2161 2987 2216 insensibilitas
3054 2173 3164 2217 est.
3214 2183 3231 2215 ι
3298 2164 3530 2235 Propter

1940 2250 2305 2317 ignorantiam
2359 2265 2480 2319 qua:
2551 2260 2635 2305 est
2696 2251 2749 2304 in
2786 2253 2913 2306 illis.
2952 2272 2972 2305 ι
3023 2254 3078 2309 Si
3137 2256 3302 2327 igitur
3366 2260 3525 2330 igno-

1939 2350 2083 2405 rant,
2138 2342 2284 2395 dicet
2340 2343 2640 2412 quispiam,
2677 2348 2937 2401 excateati
3000 2358 3153 2411 sunt.
3194 2353 3527 2420 reprehendi

1939 2450 2048 2489 non
2075 2446 2472 2489 merenturnec
2510 2437 2712 2504 puniri,
2743 2438 2838 2492 sed
2872 2440 3047 2507 magis
3078 2440 3285 2495 doceri.
3323 2440 3526 2497 Verum

1938 2527 2310 2581 animadverte
2350 2529 2629 2596 quomodo
2661 2530 2875 2583 veniam
2906 2531 2974 2584 ab
3023 2532 3102 2585 eis
3139 2534 3338 2587 aufert.
3383 2537 3511 2602 ριιί,

1942 2620 2143 2689 inquit,
2170 2619 2462 2675 ubidolere
2483 2622 2791 2689 desierunt,
2820 2625 3148 2694 semctipsos
3184 2630 3528 2683 tradiderunt

1939 2713 2179 2767 lascivia:
2265 2715 2331 2767 ad
2408 2716 2734 2785 patrandum
2800 2733 3017 2771 omnem
3098 2722 3526 2777 immunditiam.

1938 2804 2194 2858 Ostendit
2243 2822 2479 2874 namque
2525 2806 2670 2876 quod
2741 2808 3065 2875 ignorantize
3138 2826 3202 2866 ac
3259 2814 3526 2867 excitatis

1940 2908 2107 2946 causa
2169 2895 2303 2962 ipsis
2340 2894 2502 2949 fuerit
2544 2896 2676 2960 vita,
2737 2912 2901 2966 porro
2936 2900 3045 2953 vita
3082 2915 3146 2954 ex
3185 2904 3404 2970 propria
3437 2920 3527 2958 se-

1938 2986 2111 3055 gnitie
2139 2988 2388 3055 provenit
2413 2996 2467 3041 et
2496 2988 2797 3042 indolentia
2836 2991 2951 3045 sive
2977 3003 3221 3061 stupore.
3260 2993 3396 3048 Nam
3429 3012 3520 3051 se-

1940 3079 2225 3145 metipsos,
2254 3078 2351 3143 ait,
2396 3079 2763 3134 tradiderunt.
2788 3080 2925 3134 Cum
2964 3082 3132 3151 igitur
3161 3084 3213 3137 in
3247 3100 3368 3139 eum
3397 3086 3526 3157 Epi—

1942 3170 2096 3223 stolte
2127 3172 2192 3223 ad
2224 3169 2500 3226 Romanos
2542 3173 2722 3227 locum
2755 3174 3035 3239 incideris,
3079 3193 3095 3225 ι
3130 3175 3377 3230 Ttadidit
3430 3194 3526 3232 cos

1942 3260 2087 3316 Deus
2144 3262 2195 3314 in
2245 3266 2531 3332 reprobam
2573 3275 2811 3320 mentem
2841 3268 2908 3330 ",
2957 3286 2974 3318 ι
3006 3267 3163 3336 juxta
3201 3284 3527 3337 prmsentem

1943 3353 2378 3409 declarationem
2409 3357 2541 3412 illttd
2576 3359 2820 3429 intellige
2855 3377 2869 3413 :
2905 3362 3155 3431 permisit
3195 3363 3340 3416 enim
3384 3366 3525 3417 heus

1942 3449 2093 3516 ipsos
2142 3451 2303 3511 tradi,
2342 3451 2792 3519 quandoquidem
2856 3468 2978 3507 sese
3038 3455 3234 3523 dignos
3278 3456 3528 3509 reddide-
3589 3464 3599 3481 ’

1945 3548 2090 3592 rant.
2130 3560 2146 3589 ι
2186 3540 2419 3607 I’ropter
2453 3544 2901 3596 excaecationem.
2932 3562 2950 3595 ι
2989 3542 3220 3613 Propter
3281 3548 3523 3601 insensi-

1945 3630 2234 3684 bilitatem.
2278 3629 2556 3700 Siquidem
2592 3632 2731 3687 lucis
2763 3633 3141 3688 obtenebratio
3199 3635 3355 3689 affert
3398 3653 3526 3691 sen-

1943 3740 2038 3778 sus
2092 3727 2693 3795 carcntiam,eoqnod
2756 3743 2864 3780 non
2919 3728 3156 3781 habeant
3213 3731 3265 3783 in
3323 3732 3523 3800 seipsis

1944 3817 2037 3871 Dei
2075 3818 2347 3871 timorem.
2393 3835 2411 3868 ι
2469 3818 2571 3883 Qui
2599 3819 2690 3871 ubi
2727 3818 2912 3873 dolere
2944 3820 3250 3875 desierunt.
3303 3842 3321 3873 ›
3369 3823 3525 3877 Post-

1941 3924 2104 3977 quam
2139 3910 2194 3962 in
2225 3912 2392 3963 vitam
2432 3910 2674 3977 iniquam
2710 3920 2765 3964 et
2792 3913 3098 3965 divinarum
3152 3913 3331 3983 legum
3387 3931 3523 3970 con-

1944 4004 2291 4072 temptricem
2342 4006 2710 4074 impcgcrunt,
2769 4006 3031 4073 paulatim
3083 4018 3411 4077 atgrotantes
3454 4010 3523 4064 ad

1946 4094 2305 4149 indolentiam
2343 4111 2406 4149 ac
2429 4106 2711 4165 stuporem
2746 4097 3107 4152 devenerunt.
3149 4118 3165 4147 ι
3196 4097 3297 4151 Ubi
3337 4101 3525 4155 dolere

1940 4186 2273 4241 desierunt.»
2303 4185 2413 4240 Hoc
2433 4195 2538 4252 est,
2563 4187 2909 4242 insensibiles
2935 4199 3064 4243 sunt
3087 4189 3284 4254 edocti,
3312 4202 3526 4262 postea-

1940 4296 2103 4349 quam
2146 4268 2272 4349 ‘pra:
2329 4281 2562 4350 segnitie
2602 4282 2855 4335 laborare
2905 4283 3203 4337 noluerunt
3263 4286 3329 4338 ad
3389 4287 3525 4339 recti

1940 4372 2330 4425 inventionem.
2373 4390 2390 4421 ι
2432 4372 2770 4441 Sometipsos
2809 4374 3157 4428 tradiderunt
3201 4375 3460 4430 lasciviae.
3500 4397 3519 4430 ι
3605 4392 3607 4394 ·

1942 4464 2229 4530 Quomodo
2255 4467 2400 4517 enim
2431 4465 2476 4519 is
2498 4466 2590 4534 qui
2621 4465 2674 4518 in
2703 4466 2922 4520 lascivia
2943 4467 3111 4536 degit,
3138 4478 3322 4537 posset
3354 4467 3524 4522 Deum

243 4558 416 4628 ἔργῳ,
479 4558 636 4628 φησι,
675 4558 753 4629 τῷ
780 4559 1124 4627 ἀσελγαίνειν
1198 4561 1501 4629 ἐχρήσαντο
1544 4559 1643 4611 καὶ
1674 4559 1832 4611 πλεο-

1945 4558 2323 4629 cognoscere?
2356 4558 2535 4611 Causa
2577 4558 2760 4627 itaque
2806 4560 3127 4627 ignorantiae
3178 4560 3402 4614 lascivia
3435 4571 3520 4614 est

245 4652 479 4703 νεκτετν.
544 4647 691 4720 Ἀρα
752 4652 853 4705 οὐκ
910 4653 1036 4722 ἐξῆν
1088 4653 1279 4715 αὐτοῖς
1310 4653 1386 4721 μὴ
1443 4651 1825 4719 ἀσελγαίνειν;

246 4741 320 4808 μὴ
360 4741 747 4808 πλεονεκτεῑνς
788 4743 950 4794 παντί
987 4759 1088 4795 που
1138 4743 1318 4812 δῆλον.
1366 4742 1526 4812 Ὁρᾷς
1567 4744 1648 4794 ὃτι
1698 4745 1826 4811 παρ’

241 4834 425 4884 αὐτῶν
501 4836 723 4901 γέγονεν
772 4834 1145 4905 ήτύςρλωσις;
1185 4854 1202 4886 ι
1245 4836 1334 4887 Ἐν
1368 4834 1672 4905 πλεονεξία.
1700 4854 1719 4887 ι
1758 4838 1825 4888 Ἢ

238 4926 321 4976 ὅτι
374 4925 526 4977 δυσὶν
573 4928 801 4989 ἑαυτοὺς
861 4928 1188 4996 παρέδωκαν
1250 4927 1504 4989 πάθεσιν,
1567 4928 1825 4997 ἀσελγείᾳ

238 5019 335 5069 καὶ
398 5018 705 5087 πλεονεξίᾳ,
743 5021 778 5073 ἆ
808 5022 957 5071 ἐστιν
1003 5021 1403 5084 ἐπιπολάζοντα
1463 5022 1662 5091 μᾶλλον
1714 5022 1824 5073 τῶν

237 5107 419 5161 ἄλλων
465 5108 782 5179 ἁμαρτιῶν,
823 5111 855 5180 ἢ
888 5113 970 5164 ὅτι
998 5112 1099 5180 τὴν
1145 5113 1434 5178 ἀσέλγειαν
1460 5114 1553 5164 καὶ
1584 5111 1826 5181 ἀκαθαρ-

239 5202 363 5252 σίαν
384 5200 575 5263 ἁπλῶς
626 5203 684 5254 ὲν
728 5202 1031 5273 πλεονεξίᾳ,
1061 5202 1331 5267 τουτέστι,
1364 5203 1486 5256 καθ’
1518 5202 1824 5272 ὑπερϐολὴν

239 5294 334 5344 καὶ
362 5293 661 5357 ἀνενδὸτως
697 5297 1047 5366 εἰργάσαντο.

1940 4666 2047 4720 qua
2084 4649 2390 4704 secundum
2422 4655 2658 4701 mentem
2681 4651 2805 4718 quis
2834 4660 3003 4703 errat.
3032 4670 3048 4701 ι
3090 4650 3167 4703 Ad
3200 4652 3527 4720 patrandum

1941 4743 2371 4796 immunditiam.
2420 4760 2439 4792 ι
2485 4740 2576 4794 Sic
2609 4751 2669 4794 ut
2695 4758 2880 4811 Opere,
2916 4743 3115 4812 inquit,
3182 4744 3369 4798 lascivi
3404 4761 3531 4800 esse

1941 4832 2287 4887 decreverint
2306 4830 2541 4884 etavidi.
2562 4831 2757 4885 Annon
2778 4840 3027 4901 poterant
3066 4848 3171 4885 non
3186 4848 3308 4887 esse
3337 4834 3526 4887 lascivi

1937 4934 1989 4979 et
2016 4924 2196 4979 avidi?
2218 4922 2415 4993 Utique
2431 4922 2782 4976 manifestum
2800 4932 2881 4977 est
2906 4924 3053 4992 quod
3082 4924 3358 4978 sic.\’ides
3376 4926 3524 4993 quod

1936 5020 1988 5071 in
2018 5034 2177 5070 manu
2213 5032 2405 5070 eorum
2433 5016 2599 5068 fuerit
2630 5015 2898 5069 caecitas?
2943 5034 2960 5066 ι
3022 5016 3157 5071 Cum
3186 5018 3467 5071 aviditate.
3505 5039 3522 5066 ι

1933 5110 2200 5178 Autquod
2222 5110 2438 5163 duabus
2464 5121 2585 5160 sese
2617 5106 2947 5161 tradiderint
2975 5108 3382 5173 aﬂectionibus,
3417 5108 3521 5178 41

1934 5216 2130 5269 nempe
2168 5199 2404 5254 lascivia:
2439 5206 2493 5250 et
2523 5197 2759 5251 habendi
2787 5198 3060 5261 aviditati,
3091 5214 3210 5267 quae
3246 5204 3420 5268 magis
3470 5202 3526 5253 in

1934 5302 2187 5363 promptu
2215 5299 2521 5359 suntquam
2546 5300 2742 5343 caztera
2767 5292 2933 5343 vitia:
2962 5300 3057 5345 aut
3076 5293 3220 5361 quod
3246 5293 3527 5345 lasciviam

238 5396 292 5440 et
318 5386 726 5441 innnnnditiam
752 5388 1074 5458 simpliciter
1102 5404 1227 5443 cum
1260 5388 1543 5456 aviditate,
1566 5388 1669 5440 hoc
1700 5397 1805 5452 cst,
1846 5389 1988 5442 ultra
2026 5385 2246 5439 modum
2276 5393 2330 5437 et
2391 5383 2540 5438 omni
2601 5398 2727 5436 cum
2795 5384 3073 5438 desiderio
3140 5396 3195 5441 et
3260 5384 3563 5463 aviditate,

240 5494 650 5552 perpetratum.

319 5576 518 5645 ἠιεῖς
577 5578 645 5630 δὲ
680 5580 794 5645 οὐχ
852 5579 1045 5645 οὕτως
1099 5579 1347 5647 ἐμάθετε
1401 5579 1509 5633 τὸν
1540 5580 1822 5647 Χριστὸν,

236 5671 291 5721 εἴ
323 5686 393 5739 γε
431 5669 619 5723 αὑτὸν
663 5670 991 5739 ἠκούσατε,
1051 5672 1147 5726 καὶ
1174 5673 1241 5726 ἐν
1260 5671 1421 5737 αὐτῷ
1449 5670 1825 5742 ἐδιδάχθητε,

304 5847 354 5880 ’³
409 5850 568 5903 Rom.
628 5865 666 5913 ι,
724 5849 819 5904 ‘28.

494 5940 750 5999 Parnm.
809 5942 927 6002 (in.
992 5943 1256 6004 CXVIII

2007 5567 2307 5633 ιναυει.
2355 5567 2452 5621 Vos
2485 5575 2786 5620 autemnon
2815 5568 2890 5620 sic
2906 5566 3172 5621 didicistis
3205 5565 3471 5621 Christum
3509 5570 3521 5599 ³

1939 5666 2197 5736 siquidem
2218 5660 2373 5714 illum
2396 5660 2649 5724 audistis,
2686 5668 2734 5712 et
2776 5658 2830 5712 in
2856 5673 2914 5712 eo
2946 5658 3090 5714 docti
3122 5659 3325 5726 fuistis,
3347 5672 3530 5728 quem-

3100 5933 3176 5991 39
