4216 6450
221 369 360 439 1⁸231

1242 369 1626 428 COMMENT.
1671 367 1745 426 1N
1793 367 2028 427 Ei’lS'I‘.
2074 371 2172 428 AD
2210 370 2476 432 EI’HES.

3366 371 3505 438 1233

215 496 393 548 Τοῦτο
450 493 522 554 ὡς
557 492 694 560 πρὶς
726 491 852 554 τοὺς
890 491 1302 560 ὀργιζομένους,
1364 490 1500 564 προς
1547 489 1673 550 τοὺς
1722 506 1806 541 πι-

1914 487 2289 545 atnarulentos
2343 491 2596 545 refertur.
2632 489 2787 557 Quod
2819 502 3000 546 autem
3031 490 3182 545 addit
3211 508 3223 545 ε
3249 489 3502 557 Justitia,

217 587 408 657 κρούς.
452 587 525 640 Τὸ
559 586 637 646 δὲ,
674 584 1027 655 Δικαιοσύνῃ,
1079 583 1154 646 ὡς
1194 583 1332 653 πρὸς
1396 583 1524 644 τοὺς
1583 583 1806 635 πλεονέ-

216 699 376 742 κτας.
411 680 584 740 "rt-6s.
625 678 899 749 Ἂληθείᾳ,
932 679 1008 741 ὡς
1042 677 1176 748 πρὸς
1211 677 1340 739 τοὺς
1363 677 1462 746 τὴν
1490 675 1664 748 ψευδῆ
1710 677 1808 745 τῆς

213 774 518 835 ἀκολασίας
547 773 638 825 καὶ
671 772 946 843 ἁμαρτίας
979 769 1275 834 διώκοντας
1322 771 1538 841 ἡδονήν.
1593 789 1612 822 ι
1650 773 1808 823 Actu.-

216 865 486 935 μάζοντες
514 864 565 918 τί
605 867 753 918 ἐστιν
785 863 1078 933 εὐάρεστον
1104 864 1188 934 τῷ
1223 863 1435 934 Κυρίῳ.
1469 882 1486 914 ι
1524 864 1666 934 Ἀρα
1690 865 1810 918 ἁδο-

213 961 383 1029 κίμου
408 961 504 1012 καὶ
537 960 797 1028 παιδικῆς
857 960 1096 1024 διανοίας
1154 960 1220 1013 τὰ
1286 961 1445 1016 ἄλλα.
1503 979 1522 1013 r
1570 961 1680 1014 Καὶ
1733 961 1807 1031 μὴ

215 1056 633 1122 συγκοινωνεῖτε
669 1054 781 1114 τοῖς
807 1054 1011 1122 ἔργοις.
1040 1054 1343 1126 ι-[ΦΩΤ.]
1377 1055 1551 1126 Ἔργα
1585 1054 1811 1118 σκότους

213 1141 336 1198 εἷπε
368 1145 599 1212 γενικῶς
627 1146 905 1213 ὀνομάσας
940 1148 1122 1199 πᾶσαν
1148 1147 1449 1218 ἁμαρτίαν.
1479 1147 1576 1201 Διά
1627 1147 1680 1200 τί
1726 1147 1806 1210 δέ,

212 1239 407 1304 φησῖν.
435 1239 535 1290 οὐκ
568 1239 867 1308 ἐπεξῆλθον
898 1240 1136 1310 ἑκάστην
1163 1240 1343 1293 αὐτῶν
1377 1243 1638 1308 ὀνομαστὶ
1670 1243 1810 1311 πρᾶ-

213 1328 337 1395 ξιν;
387 1331 469 1382 ὅτι
509 1330 606 1384 καὶ
638 1333 694 1382 ἐν
735 1332 887 1401 αὐτῷ
918 1332 996 1402 τῷ
1032 1333 1214 1400 λέγειν
1271 1334 1464 1397 αὐτὰς,
1517 1337 1810 1405 αἰσχρότη-

211 1438 306 1481 τος
367 1422 672 1492 πληροῦται
705 1425 802 1477 καὶ
848 1427 874 1478 ὁ
907 1424 1138 1491 ἐπεξιὼν
1165 1428 1356 1491 αὐτάς.
1405 1459 1464 1470 —-
1495 1431 1572 1484 ἸΙ
1595 1431 1806 1495 οὕτως.

224 1514 530 1583 Ἔλέγχετε,
557 1519 711 1584 φησὶ,
736 1521 800 1586 τῇ
830 1519 1132 1588 παραθέσει
1160 1521 1252 1575 τού
1279 1523 1483 1577 οἰκείου
1513 1525 1651 1594 βίου·
1689 1526 1808 1580 οὐδέ

213 1607 330 1676 γὰρ
359 1609 501 1676 λέγω
534 1611 776 1680 ἐλέγχειν
799 1614 1016 1676 αὐτοὺς,
1037 1615 1131 1677 τὰς
1155 1614 1384 1683 πράξεις
1401 1617 1583 1670 αὐτῶν
1644 1620 1810 1685 ἐπεξ-

216 1700 398 1764 ιόντας
425 1702 623 1766 αὖτοὺς
641 1707 734 1758 καὶ
747 1704 1260 1770 ὀνειδίζοντας.οἷδα
1289 1709 1394 1781 γὰρ
1424 1711 1504 1764 ὅτι
1523 1714 1630 1776 τοῖς
1646 1730 1811 1766 σπου-

211 1794 386 1857 δαίοις
411 1797 504 1848 καὶ
521 1796 580 1848 τὸ
592 1796 727 1860 ὅλως
756 1799 1114 1868 μνημονεύειν
1133 1801 1331 1868 αὐτῶν,
1353 1804 1809 1877 αἰσχρότηςνομί-

1916 581 1981 633 ad
2016 595 2215 636 avaros
2243 598 2256 636 :
2290 581 2531 638 Vcritate
2573 600 2723 648 vero,
2757 591 3017 652 tanquam
3049 587 3116 639 ad
3147 601 3244 640 eos
3269 585 3361 654 qui
3400 583 3503 638 fal-

1918 689 2034 744 sam
2062 674 2346 728 veritatem
2381 686 2799 745 prosequuntur
2857 693 2979 747 quae
3040 685 3124 730 est
3163 678 3215 731 iu
3277 677 3503 731 lascivia

1916 774 1970 817 ct
2002 775 2245 833 peccato.
2283 785 2300 817 ι
2328 765 2630 822 l‘robantes
2647 768 2775 836 quid
2807 768 2879 823 sit
2913 767 3500 836 acccptumDmuinoJ

1917 854 2123 911 Cmtera
2156 858 2338 928 itaque
2377 858 2608 929 reproba
2630 868 2761 913 sunt
2792 862 3101 930 mentisque
3131 861 3376 930 ptterilis.
3407 861 3508 914 «lit.

1919 963 1986 1002 ne
2011 951 2402 1005 commercium
2440 952 2882 1008 habueritiscnm
2921 954 3202 1023 operibus.
3250 971 3268 1005 ι
3327 952 3505 1022 Opera

1919 1041 2057 1095 dixit
2113 1043 2370 1099 tenebras
2403 1047 2644 1116 generali
2707 1047 2974 1102 vocabulo
3002 1047 3292 1100 nominans
3343 1061 3507 1100 omne

1921 1142 2226 1202 pecratum.
2261 1134 2443 1200 Quare
2466 1149 2647 1191 autem
2677 1152 2787 1190 non
2830 1137 3106 1202 recensui,
3164 1137 3363 1205 inquit,
3402 1151 3506 1188 no-

1919 1227 2164 1280 minatim
2191 1228 2435 1297 singulas
2483 1230 2724 1298 ipsorum
2760 1229 3044 1284 actiones?
3090 1229 3218 1298 quia
3253 1229 3416 1282 etiam
3450 1227 3504 1280 in

1920 1316 2039 1386 ipso
2095 1330 2218 1373 actu
2262 1321 2586 1376 reccnsendi
2647 1322 2767 1376 illas
2824 1320 3166 1390 turpitudine
3226 1320 3504 1388 oppletur,

1917 1412 2080 1466 etiam
2108 1413 2154 1466 is
2175 1413 2267 1482 qui
2302 1425 2548 1470 recenset
2570 1430 2762 1470 eas.—
2779 1415 2881 1468 Aut
2913 1415 3009 1468 hoc
3045 1413 3221 1468 modo.
3245 1413 3503 1482 Arguite,

1919 1504 2119 1575 inquit,
2169 1507 2586 1577 comparatione
2618 1507 2857 1577 propriae
2910 1509 3032 1561 vitae
3070 1520 3086 1560 :
3125 1521 3304 1576 neque
3356 1504 3504 1560 enim

1919 1597 2044 1650 dico
2066 1606 2124 1651 ut
2153 1599 2400 1669 arguatis
2425 1615 2520 1652 eos
2559 1598 2899 1654 recensendo
2947 1600 3081 1668 ipsis
3128 1614 3193 1654 ac
3227 1600 3509 1668 imprope-

1919 1687 2092 1741 raudo
2128 1703 2258 1742 suas
2287 1689 2557 1745 aetioues.
2598 1688 2727 1744 Scio
2756 1704 2994 1758 namque
3019 1693 3164 1758 quod
3197 1689 3387 1758 probis
3419 1686 3504 1742 vel

1920 1781 2083 1834 etiam
2100 1781 2381 1835 minimam
2398 1781 2813 1837 facereillarum
2840 1784 3198 1846 mentionem,
3218 1781 3507 1852 turpitudo

216 1887 392 1950 ζεται.
433 1888 603 1941 Οὐδὲν
623 1889 732 1961 γὰρ
755 1890 996 1954 ἔλαττον,
1026 1893 1178 1962 φησὶ,
1203 1894 1311 1948 τῶν
1333 1897 1615 1966 ὑμετέρων
1632 1900 1806 1970 ἔργων

1916 1870 2152 1925 dicatur.
2217 1870 2500 1942 Siquidem
2563 1888 2674 1927 non
2713 1874 2920 1939 minus,
2965 1874 3164 1944 inquit,
3208 1872 3505 1926 virtutibus

214 1982 336 2042 ταῖς
394 1981 618 2049 ἀρεταῖς
683 1985 1114 2055 ἀστραπτάντων
1188 1988 1637 2060 ἐλεγχθήσονται,
1685 1993 1717 2063 ἦ
1762 1996 1808 2047 εἰ

214 2074 304 2125 δια
350 2074 524 2141 λόγων
571 2093 654 2140 τις
685 2078 885 2141 αὐτοὺς
909 2078 1300 2133 ἀνεκάλυπτεν·
1327 2083 1463 2137 ἀλλά
1497 2087 1810 2156 καὶμᾶλλον

218 2165 432 2216 ἃπαντα
463 2165 529 2217 τὰ
556 2164 692 2235 ἔργα
717 2167 897 2220 αὐτῶν
954 2167 1043 2221 διὰ
1069 2169 1164 2221 τού
1197 2169 1377 2237 φωτὸς
1409 2171 1504 2224 τοῦ
1538 2173 1807 2245 ὑμετέρου

221 2256 338 2323 βίου
369 2257 652 2327 ἐλέγχεται
681 2261 775 2312 καὶ
835 2261 1284 2316 ἀποκαλύπτεται
1309 2264 1402 2317 καὶ
1457 2266 1805 2336 φανεροῦται.

220 2349 264 2398 ψ
302 2349 604 2418 νερούμενα
661 2351 714 2405 δέ
747 2354 1041 2422 φωτίζεται
1073 2353 1169 2406 καὶ
1207 2357 1289 2417 εἰς
1322 2355 1380 2408 τὸ
1415 2358 1640 2426 ἄμεινον
1681 2377 1810 2428 μετ-

221 2443 418 2509 άςεται
454 2449 546 2498 καὶ
577 2454 974 2517 μεταποιεῖται,
1015 2451 1078 2502 Ἥ
1123 2451 1230 2522 γὰρ
1281 2453 1390 2505 τῶν
1422 2455 1668 2524 κρυφίων
1722 2455 1810 2508 διὰ

216 2540 316 2605 τῆς
365 2541 622 2608 ἐναρέτου
679 2543 957 2607 πολιτείας
991 2544 1299 2614 φανέρωσις
1353 2547 1431 2609 εἰς
1465 2547 1810 2616 κατάγνωσιν

216 2632 614 2698 προτρέπεται.
662 2635 724 2687 ’Π
763 2636 819 2687 δὲ
847 2637 986 2708 ἀρχὴ
1017 2641 1226 2707 γίνεται
1271 2641 1630 2711 ἐπιστροφῆς.
1656 2640 1806 2714 Αὕτη

215 2721 274 2773 δὲ
296 2724 376 2784 εἰς
409 2725 673 2790 ἐργασίαν
707 2729 909 2797 ἀρετῆς
935 2731 1259 2801 καταλήγει,
1311 2733 1451 2802 ὅπερ
1493 2733 1608 2786 ἐστὶ
1666 2734 1805 2802 φῶς,

216 2809 296 2871 ὡς
327 2811 591 2879 πρόξενον
625 2814 721 2867 τού
747 2817 961 2871 ἐκεῖθεν
996 2822 1195 2888 φωτός.
1227 2821 1336 2874 Καὶ
1362 2821 1474 2888 φῶς
1505 2823 1689 2889 πάλιν,
1725 2826 1807 2878 ὅτι

217 2903 536 2970 τυτλῶττον
577 2907 632 2960 ἐν
663 2909 792 2976 ἡμῖν
825 2913 1091 2982 πρότερον
1128 2912 1256 2983 περὶ
1316 2915 1381 2966 τὰ
1439 2914 1610 2982 πάθη,
1667 2914 1806 2985 αὕτη

219 2995 632 3064 καταλάμψασα
660 3000 722 3051 τὸ
758 3003 1110 3071 ἡγεμονικὸν,
1163 3009 1310 3058 ποιεῖ
1362 3006 1494 3058 αὐτὸ
1563 3005 1808 3076 καθορᾷν

217 3087 316 3154 τὴν
345 3088 402 3140 ἐν
439 3092 502 3158 τῇ
536 3090 784 3162 ἁμαρτία
824 3093 1214 3163 ἀσχημοσύνην
1246 3099 1338 3150 καὶ
1355 3098 1685 3167 αἰσχρότητα
1715 3100 1806 3150 καὶ

219 3178 522 3245 ἀμορυίαν.
559 3180 632 3232 Τὸ
657 3183 733 3244 δέ,
774 3185 887 3236 Πᾶν
941 3187 1050 3257 γὰρ
1102 3189 1162 3240 τὸ
1200 3191 1629 3260 φανερούμενον,
1693 3193 1808 3260 φῶς

221 3272 392 3334 ἐστιν,
421 3273 477 3340 ἦ,
518 3273 592 3336 ὡς
617 3277 833 3344 εἴρηται
861 3279 1118 3348 ληπτέον,
1178 3284 1208 3350 ἢ
1276 3287 1802 3350 κατασκευαστικὸν,

216 3364 314 3413 τοῦ
347 3363 605 3419 δύνασθαι
647 3369 890 3437 ἐλέγχειν
925 3371 1050 3433 τοὺς
1083 3373 1434 3439 σπουδαίους,
1473 3377 1560 3429 διὰ
1593 3377 1687 3429 τού
1722 3380 1805 3430 0i-

220 3456 370 3507 κείου
413 3456 552 3524 βίου,
578 3460 677 3529 τὴν
702 3461 810 3512 τῶν
842 3462 1063 3529 φαύλων
1131 3465 1427 3520 πολιτείαν.
1473 3468 1805 3537 ψανεροῦται

223 3548 324 3612 μὲν
355 3551 508 3617 γὰρὸ
539 3550 630 3602 τοῦ
658 3554 950 3606 σπουδαίου
996 3555 1129 3624 βίος,
1168 3558 1324 3628 φησί.
1397 3561 1805 3632 Φανερούμενος

218 3637 297 3696 δέ,
332 3639 448 3704 φῶς
483 3643 618 3695 ἐστι.
673 3645 924 3707 Φωτδςδέ
957 3647 1288 3715 λάμποντος,
1325 3651 1385 3704 τὸ
1401 3653 1590 3714 σκότος
1643 3653 1800 3722 ἐλέγ-

219 3749 397 3799 χεται,
424 3735 560 3802 ὅπερ
592 3737 738 3788 ἐστὶν
771 3740 799 3791 ὁ
821 3741 929 3791 τῶν
958 3740 1176 3808 φαύλων
1206 3742 1338 3811 βίος.
1384 3763 1401 3795 ι
1435 3745 1559 3806 Τοῖς
1612 3747 1789 3816 ἀκάρ-

222 3839 370 3884 ποις.
409 3843 426 3873 ι
495 3826 650 3888 Ποῖος
682 3830 790 3897 γὰρ
822 3831 1052 3901 καρπὸς,
1109 3835 1260 3886 ποῖον
1312 3833 1504 3903 ὄφελος
1552 3836 1610 3901 ἐξ
1663 3838 1806 3890 ἐκεί-

223 3932 332 3965 νων
367 3933 379 3977 ;
413 3915 644 3982 θάνατος
679 3922 778 3989 μὲν
821 3918 934 3976 οὖν.
978 3925 1209 3989 Σκότους
1268 3926 1324 3980 δὲ
1376 3928 1522 3996 λέγει
1580 3929 1690 3982 τῶν
1747 3932 1805 3984 ἐν

224 4003 402 4076 ’πλάνῃ
436 4008 531 4060 καὶ
568 4009 866 4080 ἁμαρτίαις
901 4012 1224 4084 ἀνθρώπων.
1262 4018 1372 4070 Καὶ
1399 4017 1451 4069 τί
1508 4018 1676 4086 λέγω,
1713 4022 1803 4091 Μὴ

225 4103 681 4164 συγκοινωνεῖτε;
730 4103 969 4170 Μᾶλλον,
1002 4107 1158 4176 φησὶ,
1197 4107 1292 4159 καὶ¹
1341 4108 1615 4178 ἐλέγχετε,
1685 4131 1810 4163 παι-

221 4188 468 4253 δεύοντες
511 4194 706 4259 αὐτοὺς
761 4196 848 4249 διὰ
887 4197 992 4249 τῶν
1046 4199 1305 4269 ἐλέγχων.
1379 4199 1551 4253 Τοῦτο
1590 4201 1650 4253 δὲ
1705 4207 1805 4256 οὐκ

222 4282 372 4334 ἐστιν
430 4285 668 4338 ἐναντίον
689 4289 787 4356 τῷ,
839 4308 856 4339 ι
920 4291 1012 4359 Μὴ
1071 4291 1306 4360 κρίνετε.
1362 4312 1381 4345 ι
1417 4289 1544 4348 ’Ὧδε
1578 4295 1686 4366 γὰρ
1721 4295 1803 4360 τὸ,

219 4373 524 4442 ἐλέγχετε,
567 4379 690 4431 ἀντὶ
731 4381 862 4447 τοῦ,
908 4383 1244 4451 παιδεύετε,
1282 4387 1478 4440 κεῖται.
1552 4388 1700 4440 Ἐκεῖ
1747 4388 1805 4442 δὲ

217 4464 300 4527 το,
330 4467 708 4537 κατακρίνετε.

305 4735 370 4787 Ἦ
422 4734 634 4801 οὕτως.
689 4734 892 4810 [ΦΩΤ.]
988 4739 1271 4810 Ὲλέγχετε
1333 4743 1487 4794 αὐτοὶ
1548 4744 1636 4796 διὰ
1706 4746 1800 4800 τοῦ

215 4828 490 4898 ὑμετέρου
514 4828 769 4900 λαμπροῦ
805 4833 899 4884 καὶ
931 4833 1225 4886 σπουδαίου
1254 4834 1396 4903 βίου,
1429 4835 1522 4888 καὶ
1562 4836 1636 4906 μὴ
1665 4837 1802 4888 ἀνα-

217 4920 411 4988 μένετε
438 4921 703 4986 ἐκείνους,
739 4924 968 4988 ὲαυτοὺς
995 4927 1452 4996 προσαγγέλλειν,
1479 4929 1570 4981 καὶ
1597 4946 1803 5000 κωμῳ-

211 5012 327 5064 δεῖν
353 5013 422 5065 τέι
455 5017 648 5076 οἰκεῖα,
686 5020 793 5070 καὶ·
813 5020 893 5081 είς
925 5019 1092 5090 μέσον
1123 5019 1300 5088 ἄγειν,
1325 5022 1422 5075 καὶ
1479 5021 1651 5082 οὕτως
1679 5021 1802 5093 βελ-

213 5107 490 5161 τιοῦσθαι.
527 5109 714 5178 Εἰγάρ
746 5114 839 5165 καὶ
875 5114 1209 5183 πράττουσιν
1253 5115 1289 5169 ἃ
1318 5115 1392 5187 μὴ
1451 5116 1628 5182 θέμις,
1685 5118 1801 5169 ἀλλ’

211 5195 306 5248 οὖν
343 5196 448 5248 ύπδ
476 5197 574 5267 τῆς
605 5199 846 5267 ἐμφύτου
908 5202 1163 5269 γνώσεως
1225 5203 1424 5268 εἰδότες
1479 5204 1658 5258 αὐτῶν
1703 5206 1802 5277 τὴν

215 5289 595 5359 αἰσχρότητα,
652 5293 1051 5362 αἰσχύνονται,
1109 5296 1286 5350 καίτοι
1349 5297 1468 5350 δέον
1527 5298 1798 5351 ἁνακαλύ·

215 5397 377 5432 πτειν
434 5380 531 5452 τὴν
577 5385 968 5457 ἀσχημοσύνην
1034 5388 1260 5441 ἑαυτῶν.
1319 5407 1337 5439 ι
1371 5390 1452 5442 Τὰ
1503 5388 1561 5442 δέ
1629 5390 1802 5444 πάντα

218 5473 580 5543 ἐλεγχόμενα,
615 5496 632 5528 ι
669 5477 984 5546 Τουτέστιν,
1013 5480 1080 5534 ἂν
1119 5477 1220 5553 ἦτε
1249 5481 1408 5550 ὑμεῖς
1438 5481 1708 5552 ἐνάρετοι,
1741 5483 1802 5536 οὐ

214 5563 476 5618 δύνανται
515 5565 802 5624 λανθάνειν
827 5573 877 5625 οἱ
921 5575 1172 5645 πονηροὶ,
1225 5573 1340 5628 ἀλλ’
1371 5573 1530 5634 αὐτὸς
1582 5575 1735 5644 ὑμῶν
1776 5575 1803 5627 ὀ

220 5658 337 5724 .359;
391 5659 480 5711 καὶ
512 5662 644 5731 πρὸς
671 5664 780 5718 τῶν
812 5667 1095 5738 ὑμετέρων
1117 5668 1289 5739 λόγων
1329 5666 1632 5738 κατήγορός
1663 5669 1796 5733 ἐστι,

299 5832 338 5868 ³⁸
361 5835 550 5895 Matth.
582 5857 673 5906 vn,
704 5841 752 5898 Ι.

1917 1972 2228 2019 vestrorum
2269 1980 2496 2035 operum
2523 1965 2922 2037 refulgentibus
2954 1975 3279 2036 arguentnr,
3338 1979 3504 2033 quant

1919 2061 1963 2111 si
2001 2059 2276 2128 quispiam
2338 2059 2488 2127 ipsos
2557 2061 2909 2115 sermonibus
2979 2061 3312 2128 detegeret:
3370 2060 3507 2127 quin

1921 2148 2094 2219 magis
2122 2149 2306 2218 potius
2329 2158 2528 2206 cuncta
2561 2151 2781 2206 illorum
2814 2165 2981 2220 Opera
3012 2150 3134 2204 luce
3165 2150 3291 2204 vita:
3311 2159 3506 2204 vestra:

1916 2253 2222 2311 arguuntur
2269 2258 2334 2297 ac
2355 2243 2692 2312 detegantur
2739 2251 2794 2298 et
2827 2242 3258 2297 nianifcstantur
3289 2242 3506 2304 ςῐηειιιῐ-

1919 2333 2113 2389 festata
2147 2335 2705 2400 veroilluminantur,
2729 2344 2783 2389 et
2805 2335 2872 2389 ad
2909 2335 3106 2390 melius
3135 2332 3506 2387 traducuntur

1919 2442 1979 2478 ac
2021 2436 2459 2484 commutantur.
2483 2427 2844 2483 Occultorum
2877 2428 3022 2482 enim
3049 2441 3148 2497 per
3181 2427 3348 2480 vitam
3375 2441 3504 2494 pro-

1921 2519 2041 2570 bam
2097 2517 2473 2574 utanifestatio
2497 2520 2562 2573 ad
2589 2521 2803 2574 illarum
2836 2519 3352 2574 coudemnatiouem
3378 2534 3505 2588 pro-

1920 2619 2096 2672 vocat,
2127 2610 2298 2680 fitque
2318 2613 3055 2682 principiumconversionis
3107 2631 3122 2668 ι
3168 2613 3285 2667 haec
3320 2621 3504 2666 autem

1918 2701 1969 2754 in
2002 2705 2222 2758 virtutis
2252 2705 2630 2785 operationem
2665 2705 2886 2771 desinit,
2936 2721 3060 2775 quae
3106 2713 3190 2761 est
3239 2706 3355 2771 lux,
3380 2714 3506 2759 tan-

1915 2809 2080 2863 quam
2109 2797 2455 2851 conciliatira
2491 2797 2628 2852 lucis
2654 2797 2780 2853 inde
2808 2798 3166 2854 suborientis.
3227 2797 3496 2851 Rursum-

1916 2907 2022 2962 que
2059 2893 2147 2945 lux
2179 2894 2380 2948 dicitur
2412 2894 2540 2963 quia
2587 2895 2716 2948 dum
2761 2895 2914 2965 prius
2974 2895 3121 2949 circa
3188 2893 3506 2947 afl'cctioms

1916 2984 2272 3044 eascutiretis,
2327 2985 2417 3037 ubi
2471 2985 2585 3038 haec
2635 2994 2873 3039 mentem
2961 2985 3277 3045 illustravit,
3326 2984 3502 3054 ipsam

1917 3077 2238 3145 conspicere
2263 3078 2390 3131 facit
2409 3093 2550 3138 eam,
2578 3092 2712 3147 qua:
2739 3079 2792 3132 in
2819 3086 3046 3147 peccato
3074 3086 3178 3144 est,
3205 3079 3505 3147 turpitudi-

1918 3184 2040 3222 nem
2071 3178 2126 3222 ct
2165 3171 2584 3225 obst-cenitatem
2619 3185 2685 3225 ac
2731 3170 3158 3226 deformitatem.
3196 3170 3250 3225 ld
3284 3179 3500 3233 autem;

1840 3231 1882 3288 π
1917 3264 2192 3333 Quidquid
2231 3263 2377 3319 enim
2399 3263 2754 3319 manifestum
2791 3265 3060 3329 redditur,
3105 3265 3196 3317 lux
3252 3276 3357 3332 est,
3406 3277 3506 3319 aut

1915 3356 2296 3424 accipiendum
2331 3364 2390 3410 ιιι
2433 3356 2642 3411 dictum
2675 3367 2779 3421 est,
2831 3366 2925 3410 aut
2963 3365 3020 3410 ut
3059 3356 3502 3411 confirmativum

1914 3449 1985 3504 sit
2015 3448 2160 3518 quod
2197 3451 2423 3518 possint
2460 3450 2612 3519 probi
2641 3466 2742 3504 sua
2778 3451 2889 3504 vita
2950 3466 3180 3519 arguere
3204 3467 3499 3520 pravorum

1912 3545 2410 3598 conversationem.
2466 3545 2745 3613 Siquidem
2814 3543 3222 3608 manifestatur,
3284 3545 3497 3615 inquit,

1915 3633 2068 3703 probi
2103 3633 2343 3688 hominis
2376 3637 2482 3689 vita
2507 3652 2519 3688 :
2551 3634 2898 3689 manil‘cSIata
2921 3651 3050 3690 vero
3078 3636 3168 3689 lux
3193 3645 3308 3691 est:
3335 3653 3501 3706 porro

1914 3728 2037 3780 luce
2079 3727 2398 3798 splendente
2449 3736 2763 3796 arguuntur
2793 3729 3030 3782 tenebrae
3061 3745 3183 3798 qua:
3213 3739 3344 3784 sunt
3366 3732 3498 3785 vitia

1913 3833 2227 3888 pravorum.
2300 3837 2319 3870 ι
2377 3817 2744 3887 lnfrugiferis.
2799 3837 2818 3870 ι
2888 3819 3021 3884 Quis
3068 3822 3214 3873 cnitn
3262 3823 3496 3890 fructus,

1914 3919 2150 3980 antqua:
2187 3911 2255 3965 ab
2285 3910 2391 3964 illis
2413 3911 2668 3965 utilitas?
2721 3927 2871 3967 mors
2931 3911 3195 3982 profecto.
3238 3914 3349 3985 49
3391 3919 3498 3970 'l‘c-

1917 4003 2116 4056 nebras
2151 4017 2281 4055 vero
2297 4000 2432 4054 dicit
2463 4001 2746 4055 hominum
2768 4003 2936 4056 vitam
2967 4005 3058 4073 qui
3089 4004 3140 4057 in
3192 4020 3383 4061 errore
3433 4024 3496 4063 ac

1915 4094 2154 4164 peccatis
2189 4102 2495 4147 versantur.
2541 4095 2746 4163 thuid
2783 4096 2910 4152 dico
2941 4137 2952 4149 .
2981 4095 3058 4150 Ne
3092 4099 3491 4154 commercium

1915 4187 2259 4241 habueritis?
2286 4185 2480 4257 Magis.
2516 4187 2714 4257 inquit,
2744 4189 2910 4243 ctiam
2937 4191 3173 4260 arguite,
3213 4192 3492 4247 instruen-

1912 4287 1995 4334 tes
2018 4294 2114 4333 eos
2185 4294 2282 4346 per
2352 4281 2826 4348 reprehensiones.
2865 4283 2982 4336 lloc
3034 4292 3216 4337 autem
3262 4300 3371 4338 non
3412 4295 3496 4340 est

1911 4371 2252 4427 contrarium
2298 4371 2346 4426 ei
2397 4373 2541 4442 quod
2577 4372 2822 4427 dicitur:
2860 4393 2878 4424 ι
2938 4372 3016 4428 Ne
3051 4376 3307 4443 jndicetis
3360 4377 3428 4433 ⁵¹.
3470 4397 3488 4429 ι

1915 4464 2027 4519 Hoc
2062 4467 2208 4520 enim
2261 4464 2383 4520 loco
2438 4467 2646 4536 arguite
2686 4468 2907 4536 ponitur
2959 4482 3056 4535 pro
3109 4469 3374 4524 instruite.
3415 4471 3492 4524 lbi

1914 4572 2043 4613 vero
2093 4557 2428 4610 tantumdem
2475 4567 2559 4611 est
2596 4571 2662 4612 ac
2722 4557 2769 4613 si
2823 4557 3039 4612 dicatur
3071 4557 3208 4629 :‘kNe
3232 4561 3492 4616 condem-

1912 4651 2074 4705 netis.

1980 4744 2084 4794 Aut
2124 4742 2222 4794 hoc
2249 4740 2426 4795 modo.
2461 4739 2688 4810 Arguite
2735 4755 2830 4794 vos
2885 4741 2985 4809 ipsi
3018 4755 3114 4810 per
3147 4741 3382 4814 lucidam
3429 4761 3493 4798 ac.

1909 4834 2137 4904 probam
2201 4835 2366 4887 vitam
2428 4842 2664 4888 vestram
2711 4846 2932 4900 :neque
2991 4836 3326 4903 exspectetis
3367 4835 3491 4890 illos

1909 4928 2086 4982 donec
2125 4927 2338 4995 seipsos
2371 4925 2722 4987 aununtient,
2751 4938 2817 4978 ac
2849 4938 2950 4979 sua
2975 4926 3382 4995 reprehendant
3433 4937 3492 4982 et

1905 5021 1960 5075 in
1998 5020 2236 5074 medium
2273 5017 2588 5089 proferant,
2637 5018 2830 5089 sicque
2883 5017 3139 5072 meliores
3167 5019 3487 5075 reddantur.

1907 5113 2232 5180 Quanquam
2267 5110 2410 5164 enim
2446 5117 2766 5180 perpetrent
2810 5123 2874 5164 ea
2902 5124 3022 5177 qua:
3068 5111 3150 5164 fas
3178 5125 3286 5164 non
3323 5123 3426 5173 est,
3457 5129 3486 5165 a

1908 5205 2145 5259 naturali
2165 5213 2340 5256 tamen
2375 5202 2564 5256 notitia
2589 5219 2744 5257 suam
2775 5211 3169 5272 cognoscentes
3192 5206 3487 5272 turpitudi-

1906 5311 2032 5349 nem
2090 5293 2393 5364 pudcﬁunt.
2447 5294 2611 5363 Atqui
2688 5301 2970 5362 oporteret
3018 5308 3175 5348 suam
3243 5297 3486 5350 revelare

1906 5386 2349 5458 turpitudineth
2383 5384 2488 5440 Sed
2515 5384 2696 5439 omnia
2719 5386 2845 5439 dum
2873 5387 3232 5456 produntur.»
3262 5385 3373 5441 Hoc
3399 5395 3484 5440 est

1905 5481 1950 5535 si
1987 5495 2081 5534 vos
2129 5478 2285 5552 probi
2311 5478 2454 5542 sitis,
2490 5492 2598 5531 non
2636 5486 2869 5548 possunt
2896 5478 3160 5534 occultari
3196 5479 3346 5537 mali.
3389 5479 3488 5534 sed

1904 5573 2020 5642 ipsa
2071 5573 2177 5626 vita
2204 5581 2384 5626 vestra
2411 5570 2574 5624 etiam
2619 5579 2744 5624 ante
2775 5586 3056 5626 sermones
3085 5583 3290 5626 vestros
3322 5587 3484 5625 accu-

1903 5678 2052 5724 sator
2079 5679 2161 5725 est
2203 5676 2254 5722 et
2282 5673 2662 5738 argumentum
2711 5664 2832 5720 illos
2873 5662 3224 5720 conrincens.
3276 5661 3408 5716 Nam
3434 5667 3480 5718 si
