4216 6450
236 414 377 487 12⁸35

1232 419 1621 481 COMMENT.
1656 420 1738 480 IN
1773 420 2014 482 EPIST.
2052 421 2152 481 AD
2180 422 2466 484 PHILIP.

3360 426 3498 495 1266

233 536 296 589 τὸ
316 534 372 587 δὲ
405 535 463 587 δν
498 533 849 603 σπλάγχνοις,
879 534 1083 603 μεῖζον.
1135 534 1210 587 Τὸ
1237 534 1293 589 δὲ
1332 536 1427 591 καὶ
1489 537 1547 589 ὲν
1606 536 1817 605 σπλάγ-

1927 534 2091 591 Paulo
2128 550 2146 590 :
2185 538 2238 591 in
2272 538 2581 595 visceribus
2607 546 2788 595 autem
2844 540 3025 613 majus
3056 560 3071 598 :
3105 557 3272 615 porro
3306 543 3360 600 in
3391 549 3504 605 vis.

232 644 385 698 χνοις
401 627 577 695 Ἰησοῦ
613 625 877 696 Χριστοῦ,
914 626 1173 697 οὐδεμίαν
1222 628 1532 701 ὑπερϐολὴν
1578 630 1815 700 ἀπολιμ-

235 721 418 775 πάνει.
443 721 592 774 «Ἵνα
610 719 851 791 ήάγάπη
876 719 1083 790 ὑμῶν.»
1106 718 1292 784 Οὕτως
1310 723 1674 790 ἀγαπώμενος
1689 724 1820 793 παρ’

235 812 440 878 αὐτῶν,
463 811 682 882 εὔχεται
714 812 794 865 ἔτι
818 812 1018 881 μᾶλλον
1044 814 1139 865 καὶ
1160 812 1359 883 μᾶλλον
1380 811 1672 883 φιλεῖσθαι.
1707 813 1823 866 Οὐκ

236 906 318 959 ἔνι
345 905 455 976 γὰρ
484 905 583 975 τῆς
605 904 747 959 κατὰ
777 903 1013 974 Χριστὸν
1034 903 1255 974 ἀγάπης
1280 904 1474 977 πέρας,
1514 906 1547 975 ἦ
1582 906 1819 974 καὶπερὶ

234 1000 349 1052 τῶν
380 998 557 1053 ἄλλων
612 998 803 1067 φησὶν,
858 998 948 1052 ἵνα
987 998 1273 1061 κάκείνους
1317 998 1625 1067 ἀγαπῶσιν.
1675 1017 1692 1048 ι
1731 998 1820 1049 Ἐν

235 1090 536 1160 ἐπιγνώσει
566 1092 659 1145 καὶ
691 1090 840 1163 πάσῃ
868 1090 1145 1163 αἰσθήσει.
1180 1108 1198 1142 ι
1236 1091 1556 1156 Τουτὲστιν,
1593 1090 1709 1144 Ἰνα
1745 1090 1820 1161 μὴ

236 1178 433 1242 ἁπλῶς
462 1179 674 1242 πάντας
703 1180 979 1247 ἀγαπᾶτε,
1010 1178 1150 1234 ἀλλὰ
1179 1179 1315 1250 μετὰ
1369 1180 1691 1250 δοκιμασίας
1727 1180 1822 1232 καὶ

236 1268 497 1336 γνώσεως
529 1285 542 1300 ·
574 1269 649 1339 μή
687 1286 825 1334 πως,
862 1270 1049 1341 φησὶν,
1084 1273 1117 1340 ὴ
1148 1274 1285 1342 πρὸς
1316 1274 1626 1341 αἱρετικοῦς
1670 1272 1821 1340 φιλία

240 1360 422 1432 βλάψῃ
441 1360 603 1428 ὑμᾶς.
647 1361 772 1414 Ἐὰν
798 1362 931 1432 γὰρ,
962 1364 1149 1433 φησὶν,
1197 1361 1372 1426 οὕτως
1425 1365 1698 1431 ἀγαπᾶτε,
1725 1364 1820 1418 δύο

236 1452 405 1505 νισθε
441 1454 498 1505 τὸ
529 1454 816 1524 συμφέρον
846 1454 1167 1525 δοκιμάσαι.
1190 1457 1342 1519 τίνας
1369 1457 1474 1527 χρὴ
1516 1457 1715 1525 φιλεῖν,
1738 1457 1820 1511 ὅτι

244 1547 373 1607 τοὺς
403 1547 657 1608 πιστοὺς,
706 1547 801 1598 καὶ
836 1546 994 1609 τίνας
1022 1547 1118 1617 μὴ,
1145 1548 1229 1601 ὅτι
1260 1549 1385 1608 τοὺς
1417 1549 1679 1612 ἀπίστους
1729 1550 1822 1604 καὶ

240 1635 579 1706 αἱρετικοὺς.
612 1637 737 1700 Πῶς
764 1632 857 1691 οὖν
882 1637 1116 1707 ἀλλαχοῦ
1183 1656 1372 1709 φησιν,
1411 1640 1472 1692 Εί
1502 1640 1729 1694 δυνατὸν
1761 1641 1822 1695 τὸ

239 1728 472 1799 ἐξὺμῶν
504 1729 643 1799 μετά
690 1731 908 1784 πάντων
958 1730 1262 1800 ἀνθρώπων
1316 1732 1669 1803 εἰρηνεύετες
1712 1734 1819 1786 Καί

242 1840 446 1893 φαμεν,
478 1825 558 1876 ὅτι
592 1824 781 1893 ἕτερόν
812 1825 961 1876 ἐστιν
1000 1824 1326 1893 εἰρηνεύειν,
1359 1827 1454 1878 καὶ
1482 1826 1669 1897 ἕτερον
1686 1828 1824 1895 ἀγα-

241 1916 373 1985 πᾷν.
413 1915 748 1985 Διαφέροντα
773 1915 848 1977 δὲ,
889 1914 959 1967 τὰ
993 1916 1340 1985 συμφέροντά
1397 1934 1587 1986 φησιν.
1647 1936 1665 1968 ι
1703 1918 1822 1969 Ἶνα

240 2001 342 2075 ἦτε
364 2004 703 2073 είλικρινείς.
748 2024 767 2056 ι
804 2002 922 2057 Ἷνα
993 2004 1184 2075 μηδὲν,
1243 2006 1402 2073 φησὶ,
1458 2008 1615 2061 νόθον
1646 2008 1826 2076 δόγμα

242 2098 323 2170 τῷ
346 2101 446 2169 τῆς
476 2099 695 2167 ἀγάπης
726 2098 1078 2170 προσχήματι
1108 2101 1298 2169 είσρυῇ
1355 2102 1435 2164 είς
1463 2101 1627 2171 ὑμᾶς.
1680 2101 1827 2154 Εἱλιο

245 2194 475 2263 κρινεῖς,
512 2192 610 2261 μὲν
640 2190 716 2254 ὡς
750 2192 885 2261 πρὸς
917 2192 1073 2255 Θεὸν,
1096 2192 1440 2260 ἀπρόσκοποι
1471 2193 1547 2256 δὲ,
1580 2194 1656 2255 ὡς
1688 2194 1828 2262 πρὸς

246 2283 591 2354 ἀνθρώπους.
624 2284 861 2347 Πολλοὺς
884 2284 991 2353 γὰρ
1024 2284 1368 2348 σκανδαλίζει
1404 2284 1464 2337 τὸ
1484 2284 1610 2338 ίδεϊν
1642 2286 1829 2339 πιστὸν

250 2381 391 2449 μετὰ
439 2378 1046 2449 ἀπίστουῆαίρετικοῦ
1111 2377 1295 2445 φιλίαν
1355 2377 1567 2447 ἔχοντα.
1645 2380 1718 2431 Τὸ
1770 2378 1827 2432 δὶ

249 2469 626 2533 σκανδαλίζειν
657 2469 800 2533 τινὰ,
829 2469 934 2521 ὑπὸ
961 2469 1235 2538 τιμωρίαν
1271 2468 1437 2524 ἐστίν.
1477 2488 1495 2521 ι
1527 2468 1829 2540 Πεπληρω-

252 2562 404 2632 μένοι
435 2560 647 2630 καρπὸν
674 2558 1046 2630 δικαιοσύνης.
1082 2578 1101 2609 ι
1144 2559 1299 2613 Μετὰ
1339 2560 1450 2629 γὰρ
1478 2561 1578 2629 τὴν
1605 2559 1714 2613 τῶν
1740 2561 1829 2613 δο-

248 2654 477 2724 γμάτων
548 2652 835 2723 ὀρθότητα,
883 2653 977 2707 καὶ
1064 2651 1181 2721 βίου
1243 2652 1625 2722 ἐπιμελητέον.
1718 2656 1830 2724 Οὐχ

246 2744 437 2807 ἁπλῶς
463 2744 519 2798 δὲ
558 2740 734 2809 εἶπεν,
794 2744 913 2798 Ἵνα
976 2744 1103 2796 ἐστὶ
1166 2742 1388 2805 δίκαιοι,
1422 2743 1539 2796 ἀλλ’
1579 2744 1696 2797 Ἵνα
1735 2762 1831 2796 πε-

250 2835 605 2905 πληρωμένοι
654 2838 712 2888 ὲν
751 2835 947 2903 τούτῳ.
991 2835 1221 2905 Καρπὸν
1257 2834 1315 2887 δέ
1364 2851 1519 2903 φησι,
1588 2834 1681 2887 τὸν
1745 2834 1833 2888 διὰ

249 2910 491 2995 Χριστοῦ
538 2924 737 2995 Ἰησοῦ.
768 2925 923 2977 Ἐστι
970 2927 1078 2995 γὰρ
1136 2925 1297 2992 δῆθεν
1354 2924 1833 2993 eamagema»

251 3019 313 3071 οῦ
344 3017 486 3070 κατὰ
513 3016 770 3085 Χριστὸν,
803 3017 949 3086 οἴαή
1000 3016 1110 3068 τῶν
1143 3015 1435 3085 Ἑλλήνων,
1457 3017 1505 3068 o't‘
1537 3017 1624 3069 διὰ
1680 3033 1835 3069 κενο-

250 3110 547 3174 δοξίανκαὶ
572 3108 1115 3180 ἀνθρωπαρόσκειαν,
1146 3107 1240 3159 τοῦ
1274 3107 1485 3161 δικαίου
1512 3108 1671 3176 δῆθεν
1722 3110 1835 3160 ἑπι-

1922 628 2143 685 eeribus
2170 628 2300 685 Jesu
2323 628 2552 697 Christi,
2581 631 2785 686 nullam
2810 632 3073 704 relinquit
3096 634 3499 694 excellentiam.

1928 739 1947 771 ε
1993 719 2061 774 Ut
2093 722 2338 778 cbaritas
2368 732 2574 779 vestra.
2616 744 2635 779 ι
2670 724 2821 780 Adeo
2846 724 3081 781 dilectus
3120 726 3189 781 ab
3226 728 3311 783 eis
3351 736 3505 797 optat

1923 806 2103 862 adhuc
2133 812 2307 879 magis
2336 825 2402 865 ac
2425 812 2601 882 magis
2629 813 2802 884 diligi,
2832 813 3020 871 nullus
3051 817 3200 870 enim
3230 817 3502 873 terminus

1921 908 2005 951 est
2035 896 2352 955 dilectionis
2376 902 2682 957 secundum
2713 903 2906 960 Deum.
2940 903 3051 959 Aut
3079 904 3246 960 etiam
3278 904 3347 960 de
3378 905 3503 960 aliis

1922 990 2189 1060 loquitur,
2230 1000 2288 1047 ut
2318 1000 2373 1048 et
2411 993 2536 1050 illos
2571 994 2827 1066 diligant.
2867 1014 2886 1047 ι
2924 995 2979 1050 ln
3011 997 3296 1067 agnitione
3321 998 3504 1051 omni-

1923 1098 2029 1153 que
2060 1084 2444 1156 intelligentia.
2486 1105 2513 1138 ι
2536 1086 2651 1144 Hoc
2670 1096 2777 1153 est,
2806 1097 2866 1144 ut
2891 1104 3001 1144 non
3031 1090 3356 1161 simpliciter
3382 1104 3503 1146 om-

1925 1190 2021 1230 nes
2065 1176 2327 1247 diligatis,
2374 1177 2470 1234 sed
2504 1194 2628 1234 cum
2664 1180 2992 1250 probatione
3025 1188 3078 1235 et
3112 1181 3347 1237 scientia
3385 1199 3398 1235 :
3437 1196 3507 1235 ue

1922 1282 2033 1337 quo
2079 1270 2242 1324 modo
2291 1271 2516 1328 dilectio
2559 1287 2688 1343 erga
2734 1274 3025 1329 haereticos
3072 1272 3229 1327 vobis
3285 1282 3501 1330 noceat.

1922 1358 2056 1413 Nam
2088 1360 2133 1415 si
2176 1362 2271 1426 ita,
2303 1362 2503 1433 inquit,
2538 1364 2787 1433 diligitis,
2816 1366 3046 1434 potestis
3075 1364 3221 1435 quod
3253 1365 3383 1420 utile
3418 1371 3504 1420 est

1925 1449 2161 1519 probare
2187 1468 2200 1504 :
2230 1463 2359 1520 puta
2378 1469 2516 1522 quos
2548 1464 2798 1524 oporteat
2828 1455 3078 1526 diligere,
3105 1458 3236 1526 quia
3273 1455 3461 1511 ﬁdeles
3490 1475 3502 1508 ε

1922 1550 1976 1596 et
2011 1557 2153 1611 quos
2188 1558 2317 1608 non,
2363 1559 2559 1613 nempe
2607 1545 2860 1602 inlideles
2890 1555 2946 1601 et
2991 1546 3300 1602 haereticos.
3347 1544 3504 1613 Quo-

1925 1637 2087 1690 modo
2123 1650 2253 1707 ergo
2280 1635 2407 1690 alibi
2441 1637 2516 1691 ait
2547 1655 2560 1691 :
2604 1636 2883 1703 Quantum
2925 1651 2995 1692 ex
3028 1637 3187 1691 vobis
3236 1646 3344 1701 est,
3378 1650 3505 1692 cum

1925 1721 2180 1777 omnibus
2234 1721 2553 1779 hominibus
2604 1724 2661 1777 in
2707 1738 2843 1793 pace
2884 1723 3093 1779 vivite?
3139 1722 3203 1777 Et
3249 1722 3504 1787 dicimus,

1924 1813 2072 1884 quod
2121 1814 2269 1868 aliud
2306 1822 2391 1868 est
2440 1816 2494 1868 in
2541 1829 2677 1884 pace
2718 1817 2924 1879 vivere,
2961 1824 3015 1871 et
3059 1814 3209 1869 aliud
3259 1815 3510 1885 diligere.

1927 1906 2248 1961 Pmstantia
2276 1921 2406 1961 vero
2438 1906 2571 1963 dicit
2607 1907 2783 1962 utilia.
2828 1925 2846 1958 ι
2880 1905 2951 1961 Ut
2977 1908 3100 1962 sitis
3128 1907 3350 1963 sinceri.
3387 1925 3405 1958 ι
3439 1904 3511 1962 Ut

1929 1997 2141 2051 nullum
2194 1996 2397 2068 dogma
2447 1999 2823 2053 adulterinum
2878 1999 3172 2054 occasione
3221 1997 3509 2053 charltatis

1928 2088 1995 2144 ad
2031 2102 2127 2145 vos
2158 2088 2369 2153 inﬂuat,
2400 2090 2602 2144 sinceri
2637 2090 2884 2160 quidem,
2909 2105 3020 2159 quo
3050 2091 3116 2145 ad
3150 2089 3319 2144 Deum
3348 2106 3361 2142 :
3390 2090 3509 2143 sine

1927 2179 2231 2235 oll‘ensinne
2266 2189 2472 2243 autem,
2512 2196 2625 2250 quo
2666 2179 2738 2236 ad
2783 2182 3060 2236 homines.
3112 2180 3319 2236 Multos
3348 2194 3507 2234 nam-

1930 2284 2039 2339 que
2063 2269 2288 2325 oll'endit
2332 2270 2518 2325 videre
2554 2271 2764 2326 ﬁdelem
2806 2285 2930 2326 eum
2968 2270 3172 2325 infideli
3204 2278 3301 2324 aut
3326 2269 3506 2324 haere-

1931 2360 2041 2411 tieo
2084 2357 2375 2411 habentem
2417 2358 2738 2412 amicitiam.
2777 2359 2953 2413 Porro
2986 2358 3152 2412 alicui
3183 2372 3305 2413 esse
3336 2355 3511 2411 oﬂeu-

1930 2445 2134 2509 dieulo,
2189 2446 2520 2515 supplicium
2572 2453 2937 2516 promeretur.
2990 2466 3009 2497 ι
3063 2444 3281 2516 lmpleti
3328 2444 3510 2499 fructu

1928 2536 2177 2605 justitiae.
2227 2556 2246 2589 ι
2291 2536 2425 2591 Nam
2476 2549 2673 2607 praeter
2720 2538 3039 2609 dogmatum
3100 2538 3508 2604 rectitudiuem,

1934 2626 2058 2683 vita:
2087 2641 2306 2698 quoque
2335 2626 2583 2683 habenda
2611 2636 2696 2683 est
2719 2642 2873 2683 cura.
2910 2628 3028 2683 Non
3057 2629 3384 2699 simpliciter
3416 2645 3513 2696 au-

1934 2730 2041 2774 tem
2084 2720 2222 2774 dixit
2268 2738 2280 2773 :
2320 2718 2391 2775 Ut
2442 2719 2563 2775 sitis
2598 2719 2755 2787 justi,
2797 2720 2915 2786 sed,
2948 2720 3019 2777 Ut
3063 2720 3118 2775 in
3151 2720 3255 2775 hoc
3304 2719 3515 2790 impleti

1932 2811 2075 2866 sitis.
2113 2811 2221 2881 70
2251 2809 2512 2865 Fructum
2547 2825 2677 2866 vero
2706 2810 2839 2865 dicit
2870 2810 2965 2880 qui
2992 2820 3076 2867 est
3106 2826 3203 2882 per
3230 2810 3511 2866 Christum

1933 2899 2141 2955 losum.
2167 2900 2262 2955 Est
2289 2901 2433 2954 enim
2463 2900 2710 2970 quaedam
2730 2916 3003 2971 apparens
3030 2900 3266 2971 justitia,
3287 2901 3382 2956 sed
3402 2916 3512 2956 non

1935 2993 2241 3046 secundum
2266 2991 2570 3053 Christum,
2597 2993 2775 3061 qualis
2812 2999 2897 3047 est
2926 2991 3267 3058 Grecorum,
3308 2993 3402 3063 qui
3442 2995 3512 3047 ob

1937 3085 2153 3139 inanem
2186 3084 2415 3152 gloriam
2445 3122 2461 3148 ,
2495 3092 2589 3138 aut
2623 3093 2681 3137 ut
2710 3084 3025 3139 hominibus
3073 3084 3347 3153 placeant,
3390 3083 3515 3154 ejus

255 3172 568 3272 μελοῦνται.
603 3172 851 3255 Τοίοῦτοί
880 3201 936 3253 δὲ
975 3200 1029 3252 εί
1076 3202 1198 3252 ἔστε
1223 3238 1237 3261 ,
1270 3202 1349 3261 είς
1409 3172 1574 3263 δόξαν.
1606 3199 1742 3251 Θεοῦ
1781 3200 1828 3253 τί

1941 3174 2085 3244 quod
2120 3172 2332 3242 justum
2385 3182 2470 3229 est
2493 3188 2682 3229 curam
2716 3175 2916 3230 habere
2956 3174 3233 3231 videntur.
3274 3175 3433 3245 Quod
3466 3177 3513 3231 si

254 3298 495 3366 πρᾶγμα
525 3295 701 3359 ἔσται,
724 3296 826 3348 οὐκ
858 3296 937 3358 είς
970 3294 1312 3365 δόξανὲμήν.
1351 3294 1425 3346 Οὐ
1474 3294 1582 3364 γὰρ
1631 3293 1720 3348 διὰ
1773 3295 1835 3349 τὸ

250 3386 360 3454 ἐμὲ
397 3385 722 3455 δοξασθῆναι
785 3384 1278 3449 τδνιδιδάσκαλον,
1329 3383 1501 3435 ταῦτα
1557 3384 1832 3451 παραινῶ,

255 3479 415 3547 φησι,
449 3478 544 3529 καὶ
576 3476 827 3546 εῦχομαι.
856 3476 930 3528 Τὸ
955 3475 1064 3545 γὰρ
1093 3474 1405 3542 γινόμενον,
1438 3474 1595 3543 φησὶ,
1627 3474 1705 3537 είς
1749 3475 1834 3528 δό-

256 3570 359 3635 ξαν
396 3568 530 3621 Θεοῦ
553 3570 646 3620 καὶ
680 3568 898 3622 ἔπαινον
930 3568 1235 3637 προχωρεῖ,
1266 3564 1361 3618 τοῦ
1400 3565 1495 3618 καὶ
1521 3566 1836 3635 συνεργοῦνο

252 3679 348 3725 τος
381 3660 516 3731 πρὸς
538 3661 721 3712 τοῦτο.

830 3772 1079 3825 ΚΕΦΔΛ.
1149 3770 1224 3823 B’.

254 3866 546 3936 Διήγησις
606 3862 717 3932 τῆς
769 3862 985 3936 ἑαυτοῦ
1052 3862 1350 3936 διαγωγῆς
1410 3860 1834 3930 ἀγωνιστικῆς,

745 3934 840 3986 καὶ
864 3934 975 4000 τῆς
1008 3933 1332 4000 προθυμίας
1344 3973 1359 3986 .

330 4024 664 4078 Γινώσκειν
697 4022 765 4076 δὲ
786 4020 943 4092 ὑμᾶς
965 4023 1284 4091 βούλομαι,
1324 4021 1598 4090 ἀδελφοὶ,
1636 4021 1723 4073 ὅτι
1768 4020 1839 4073 τὰ

255 4118 389 4172 κατ’
420 4117 525 4185 ἐμέ
570 4114 810 4185 μᾶλλον
842 4118 929 4179 είς
967 4114 1286 4181 προκοπὴν
1324 4114 1432 4167 τοῦ
1464 4112 1839 4181 Ειίιαγγελίου

256 4207 583 4272 ἐλήλυθεν,
644 4203 802 4257 ὥστε
886 4202 1027 4268 τοὺς
1108 4202 1373 4271 δεσμούς
1451 4219 1573 4269 μου
1658 4218 1839 4270 φανε-

250 4298 409 4367 ροὺς
437 4298 506 4349 ἐν
526 4294 757 4363 Χριστῷ
783 4294 1063 4363 γενέσθαι
1085 4293 1154 4345 ἐν
1195 4293 1316 4358 ὅλῳ
1380 4291 1459 4357 τῷ
1502 4293 1840 4359 Πραιτωρίῳ

258 4389 359 4442 καί
391 4387 516 4451 τοῖς
539 4383 982 4452 λοιποῖςζπᾶσι,
1041 4385 1137 4437 καί
1186 4384 1330 4449 τοὺς
1382 4384 1670 4449 πλείονας
1722 4382 1841 4436 τῶν

258 4478 546 4547 ἀδελφῶν
582 4478 650 4530 ἐν
675 4478 867 4544 Κυρίῳ
893 4477 1251 4541 πεποιθότας
1282 4475 1407 4540 τοῖς
1434 4475 1676 4543 δεσμοῖς
1695 4493 1836 4544 μου,

1941 3268 2080 3321 tales
2111 3276 2167 3318 ut
2188 3265 2413 3334 praedixi
2445 3267 2605 3329 estis,
2641 3266 2714 3332 in.
2732 3267 2959 3337 gloriam
2991 3267 3085 3321 Dei
3121 3269 3397 3337 negotium
3430 3283 3516 3322 re-

1938 3359 2227 3423 dundabit,
2268 3373 2373 3411 non
2398 3357 2465 3412 ad
2502 3359 2730 3429 gloriam
2758 3375 2957 3415 meam.
2990 3358 3272 3429 Siquidem
3315 3375 3424 3415 non
3453 3368 3514 3415 ut

1936 3468 2038 3521 ego
2066 3458 2370 3521 prmeeptor
2392 3450 2688 3519 gloriﬁcer,
2721 3450 2834 3505 hazc
2868 3451 3142 3507 admoneo
3169 3458 3263 3508 aut
3291 3460 3511 3516 exopto.

1936 3542 2073 3597 Nam
2118 3542 2262 3611 quod
2308 3542 2575 3607 succedit,
2607 3542 2675 3597 ad
2706 3542 2799 3598 Dei
2830 3542 3047 3597 laudem
3080 3552 3135 3597 et
3165 3543 3396 3613 gloriam
3431 3558 3517 3599 cc-

1939 3635 2038 3698 dit,
2069 3634 2162 3704 qui
2184 3635 2346 3687 etiam
2380 3634 2434 3687 in
2466 3634 2570 3689 hoc
2597 3634 2863 3688 auxilium
2900 3634 3125 3705 praebet.

2567 3747 2796 3804 CAAUT
2828 3748 2892 3803 11.

1942 3840 2199 3895 Narratio
2239 3857 2348 3894 sua:
2391 3842 2446 3893 in
2481 3842 2766 3923 certamine
2793 3842 3235 3923 conversationis
3263 3881 3279 3907 ,
3333 3856 3514 3910 prom-

2505 3921 2681 3980 ptique
2714 3921 2901 3965 animi.

2010 4006 2048 4059 1.
2090 4004 2273 4059 12-13.
2302 4004 2449 4059 Scire
2479 4014 2652 4056 autem
2672 4020 2761 4057 vos
2792 4004 2929 4067 volo,
2971 4005 3187 4071 fratres,
3220 4005 3360 4073 quod
3401 4020 3518 4075 qua!

1941 4098 2068 4151 mihi
2095 4098 2424 4159 acciderunt,
2457 4097 2625 4165 magis
2671 4098 2739 4150 ad
2774 4096 3067 4166 profectum
3100 4096 3375 4166 Evangelii
3406 4114 3521 4152 eve-

1942 4200 2129 4245 nerunt
2158 4206 2176 4244 :
2203 4192 2279 4244 ita
2326 4198 2382 4243 ut
2408 4190 2617 4244 vincula
2657 4206 2770 4243 mea
2815 4189 3107 4257 manifesta
3134 4191 3278 4259 facta
3318 4191 3423 4244 sint
3466 4192 3521 4245 in

1943 4280 2163 4334 Christo
2204 4281 2256 4333 in
2290 4290 2398 4332 toto
2434 4279 2689 4345 prwlorio
2724 4295 2786 4331 ac
2815 4280 3021 4332 caeteris
3047 4279 3333 4335 omnibus:
3364 4287 3521 4348 utque

1940 4372 2113 4440 plures
2126 4386 2190 4424 ex
2213 4370 2467 4434 fratribus
2496 4371 2552 4423 in
2577 4368 2802 4423 Domino
2826 4369 2951 4438 [reti
2984 4371 3205 4424 vinculis
3226 4370 3377 4431 meis,
3396 4371 3521 4423 ube-

1944 4467 2056 4518 rius
2103 4462 2356 4517 auderent
2397 4462 2660 4532 impavide
2701 4478 2992 4516 sermonem
3039 4461 3203 4532 loqui.
3258 4461 3523 4515 Nonnulli

260 4542 706 4637 περισσοτέρως
735 4542 967 4637 τολμᾷν
990 4569 1226 4636 ἀφόϐως
1255 4566 1361 4621 τὸν
1388 4542 1576 4635 λόγον
1600 4542 1828 4622 λαλεῖν.

1944 4557 2175 4626 quidem-
2196 4571 2289 4623 per
2318 4554 2571 4608 invidiam
2604 4565 2650 4608 et
2691 4554 3099 4619 contentionem,
3132 4551 3376 4607 nonnulli
3403 4567 3521 4606 vero

266 4662 437 4727 Τινὲς
462 4662 578 4729 μὲν
593 4662 689 4714 καί
729 4659 826 4714 διὰ
855 4660 1086 4728 φθόνον
1116 4662 1214 4713 καί
1244 4662 1393 4728 ἔριν,
1442 4660 1601 4725 τινὲς
1641 4659 1711 4712 δὲ
1740 4662 1836 4713 καὶ

257 4753 659 4807 διὰεὺδοιιίαν
688 4753 792 4805 τὸν
816 4751 1076 4819 Χριστὸν
1093 4752 1609 4817 κηρύσσουσιν.οί
1635 4751 1751 4820 μὲν
1770 4751 1837 4816 ἐξ

260 4846 519 4914 ἐριθείας
568 4844 674 4897 τὸν
715 4844 975 4911 Χριστὸν
1032 4844 1551 4913 καταγγέλλουσιν
1585 4846 1696 4912 οὐχ
1736 4847 1838 4913 ἁγ-

260 4934 406 4999 νῶς,
435 4935 691 5002 οἰόμενοι
715 4933 928 5001 θλίψιν
960 4933 1265 5001 ἐπιφέρειν
1292 4933 1413 4999 τοῖς
1439 4934 1681 5003 δεσμοῖς
1699 4951 1838 5002 μου.

258 5030 328 5081 Ol
349 5026 419 5079 δὲ
450 5027 519 5089 ἐξ
543 5026 802 5094 ἀγάπης,
833 5024 1057 5091 ειδότες
1088 5025 1179 5079 ὅτι
1211 5028 1299 5091 εις
1363 5027 1698 5095 ἀπολογίαν
1736 5028 1842 5082 τοῦ

262 5100 638 5183 Eum-relict:
669 5115 882 5182 κεῖμαι.
925 5117 985 5169 Τί
1004 5114 1115 5183 γάρ
1143 5132 1162 5178 ;
1195 5115 1370 5182 Πλὴν
1424 5117 1600 5169 παντί
1625 5118 1838 5184 τρόπῳ,

266 5210 393 5262 stre
414 5207 733 5276 προφάσει,
773 5208 894 5260 alte
925 5208 1178 5275 ἀληθείᾳ
1207 5210 1461 5275 Χριστὸς
1521 5210 1844 5280 καταγγέλυ

261 5306 457 5359 λεῖαι.
495 5301 593 5355 καί
620 5302 691 5355 ἐν
718 5302 906 5365 τούτῳ
935 5302 1135 5369 χαίρω,
1171 5301 1330 5355 ἀλλὰ
1359 5305 1455 5355 καὶ
1479 5302 1840 5372 χαρήσομαι.

340 5388 502 5450 Εἰκὸς
520 5383 588 5459 ἦν
602 5388 798 5451 αὐτοὺς
827 5388 1096 5458 μαθόντας
1117 5390 1199 5442 ὅτι
1221 5391 1453 5451 δέδεται,
1472 5392 1840 5462 θορυϐεῖσθαι,

268 5480 345 5541 ὡς
368 5480 463 5531 τοῦ
496 5479 851 5549 κηρύγματος
877 5480 963 5532 διὰ
984 5480 1176 5533 τούτου
1204 5482 1651 5552 ἐμποδιζομένου.
1675 5484 1846 5538 Τοῦτο

272 5566 370 5623 οὖν
392 5587 547 5638 φησι,
565 5570 779 5632 δεικνὺς
817 5571 983 5623 ὅτιού
1043 5572 1203 5641 μόνον
1260 5573 1360 5624 οὐκ
1398 5572 1731 5642 ἐμποδισμὸς
1777 5574 1845 5627 τὰ

268 5662 450 5732 δεσμὰ
477 5662 671 5731 γέγονε
711 5663 806 5714 τοῦ
842 5664 1207 5729 Εὐαγγελίου,
1248 5663 1384 5716 ἀλλὰ
1428 5666 1521 5718 καὶ
1569 5667 1843 5736 προκοπὴ.

270 5754 547 5820 ΚαὶΜγει
572 5754 669 5825 τὴν
701 5755 898 5808 αἰτίαν.
928 5756 1079 5809 «Ὅτι
1106 5756 1173 5813 τὰ
1204 5756 1325 5809 κατ’
1350 5758 1469 5825 ἐμὲ
1510 5775 1527 5807 s
1562 5756 1847 5821 Φιλοῦντος

269 5842 360 5913 ἦν,
395 5846 452 5897 τί,
474 5845 664 5915 δηλοῦν
686 5846 753 5900 τὰ
777 5848 897 5900 κατ’
924 5848 1108 5901 αὐτόν.
1162 5866 1178 5897 ι
1220 5848 1383 5905 ’Ὥστε
1439 5849 1559 5911 τοὺς
1610 5848 1840 5918 δεσμούς

1944 4659 1993 4702 et
2037 4657 2248 4715 propter
2288 4646 2477 4700 bonam
2518 4646 2839 4699 uoluntatem
2882 4644 3153 4699 Christum
3205 4645 3519 4713 prtedicant.

1945 4742 2052 4795 Alii
2088 4740 2295 4809 quidem
2325 4754 2390 4793 es:
2410 4738 2739 4790 contentione
2764 4736 3031 4791 Christum
3056 4736 3383 4789 annuntiant
3414 4750 3519 4789 non

1945 4850 2092 4904 pure,
2134 4832 2499 4886 existimantes
2542 4847 2655 4884 sese
2699 4830 3037 4901 aﬁlictiouem
3071 4827 3269 4882 addere
3296 4828 3521 4881 vinculis

1947 4928 2071 4979 meis
2108 4941 2121 4977 :
2155 4925 2252 4977 ulii
2280 4940 2488 4977 rursum
2528 4938 2593 4975 ex
2619 4922 2900 4983 charitate,
2935 4922 3156 4974 scientes
3184 4920 3323 4989 quod
3347 4920 3398 4972 in
3427 4918 3521 4972 de-

1947 5018 2234 5087 fensionem
2255 5016 2531 5086 Evangelii
2553 5016 2872 5069 constitutus
2898 5014 3019 5067 sint.
3051 5012 3190 5077 Quid
3228 5012 3407 5066 enim?
3426 5012 3521 5064 At-

1949 5122 2123 5165 tamen
2155 5111 2335 5179 quovis
2368 5109 2522 5160 modo
2548 5107 2653 5159 sive
2679 5121 2771 5171 per
2791 5105 3145 5169 occasionem,
3176 5104 3283 5157 sive
3316 5116 3407 5169 per
3436 5118 3523 5157 rs-

1949 5204 2161 5255 ritatem
2184 5200 2425 5255 Christus
2457 5198 2830 5262 annuntiatur,
2860 5207 2908 5251 et
2937 5198 2991 5251 in
3015 5196 3110 5250 hoc
3133 5195 3361 5265 gaudeo,
3394 5195 3523 5265 quin

1945 5294 2105 5349 etiam
2125 5292 2379 5364 gaudebo.

1960 5374 1965 5378 ’
2022 5384 2334 5441 Verisimiie
2360 5393 2478 5438 erat
2508 5385 2661 5454 ipsos
2692 5397 2815 5437 cum
2847 5381 3173 5437 didicissent
3203 5378 3348 5449 quod
3388 5377 3523 5448 liga.

1952 5487 2043 5532 tus
2067 5486 2235 5541 esset,
2268 5475 2518 5529 turbatos
2542 5487 2687 5539 esse,
2718 5484 2978 5543 tanquam
3015 5470 3274 5541 impedita
3301 5485 3395 5539 per
3417 5469 3521 5524 hoc

1952 5568 2360 5642 praedicatione.
2408 5566 2467 5619 Id
2502 5566 2668 5635 igitur
2704 5565 2803 5631 ait,
2856 5563 3155 5618 ostendens
3208 5560 3355 5631 quod
3412 5574 3521 5614 non

1951 5664 2128 5717 solum
2153 5660 2370 5714 vincula
2402 5673 2510 5712 non
2544 5659 2653 5712 sint
2687 5656 2827 5711 laeta
2857 5654 3134 5726 Evangelii
3170 5653 3527 5724 impedimen-

1954 5767 2089 5818 tum.
2120 5753 2214 5810 sed
2250 5752 2393 5806 illiul-
2416 5750 2587 5819 magis
2618 5748 2992 5818 promoverint
3023 5765 3038 5803 :
3074 5745 3176 5817 7],
3203 5754 3256 5800 et
3297 5758 3521 5799 causam

1952 5847 2087 5901 dicit
2131 5860 2144 5898 :
2201 5864 2217 5895 ι
2271 5843 2424 5907 Quod
2478 5856 2598 5910 qua:
2654 5839 2786 5894 mihi
2831 5838 3165 5895 acciderunt.
3206 5852 3224 5886 ι
3266 5832 3522 5891 Amantil
