4216 6450
265 383 405 449 1269

1221 389 1610 453 COMMENT.
1642 390 1725 452 IN
1755 388 1997 453 EPIST-
2038 391 2140 454 AD
2168 393 2457 458 PHILIP.

3396 394 3538 463 1270

262 488 390 563 στδς
406 499 863 572 καταγγέλλεται.
894 521 915 557 ι
957 502 1117 561 Ἀλλὰ
1133 505 1198 561 σὺ
1219 504 1477 579 πρόσχες.
1493 506 1721 577 Πρῶτον
1735 505 1836 577 μὲν

1945 522 2039 579 per
2068 508 2350 565 veritatem
2371 509 2629 568 Christus
2657 511 3044 568 annuntiatur.
3077 528 3097 565 ι
3131 510 3212 568 Ex
3237 511 3347 577 his,
3380 529 3537 571 non-

258 591 363 647 οὑκ
385 588 532 658 εἷπε,
553 595 1047 666 Καταγγελλέσθω,
1080 598 1168 653 ῖνα
1188 597 1349 653 τοῦτο
1373 597 1685 668 νομοθετεῖν
1708 614 1848 666 γνω-

261 684 443 757 σθείη,
493 687 629 742 ἀλλὰ
662 689 1133 759 Καταγγέλλεται,
1181 691 1244 745 τὸ
1299 691 1586 763 γινόμενον
1621 690 1849 762 ἐξηγού-

264 794 449 849 μενος.
481 781 714 836 Ἔπειτα
739 786 789 837 εί
831 785 929 838 καὶ
964 784 1040 848 ὼς
1093 784 1407 857 νομοθετῶν
1436 786 1675 857 εἰρήκει,
1712 786 1730 851 (
1751 785 1848 840 καὶ

258 868 375 941 γὰρ
410 871 597 926 πολλοὶ
629 874 740 928 τῶν
762 876 1060 947 αἱρετικῶν
1078 877 1460 950 παρεποίησαν
1481 878 1580 949 τὴν
1598 878 1844 949 Γραφὴν,

257 961 338 1024 ὡς
361 960 619 1031 ἔχουσαν,
662 967 900 1037 Χριστὸς
942 969 1443 1039 καταγγελλὲσθω,)
1505 969 1627 1023 οὐδὲ
1674 970 1847 1035 οὕτως

260 1053 501 1123 πάροδον
524 1061 646 1121 ταῖς
663 1061 908 1130 αἱρέσεσι
937 1062 1158 1116 δέδωκε.
1180 1063 1307 1127 Πῶς
1338 1081 1353 1131 ;
1388 1064 1513 1117 Ὅτι
1540 1056 1689 1116 οῦτοι
1717 1064 1848 1134 περὶ

260 1138 339 1200 ὧν
365 1164 554 1217 φησιν,
580 1152 640 1203 οὐ
680 1152 810 1206 νόθα
833 1153 1083 1223 δόγματα
1125 1156 1454 1226 ἐκήρυσσον,
1521 1155 1637 1212 ἀλλ’
1670 1154 1849 1227 ὀρθῶς

264 1238 368 1306 μὲν
398 1240 458 1292 τὸ
487 1242 667 1313 δόγμα
697 1245 1025 1314 ἐκήρυσσον,
1081 1248 1291 1320 διανοίᾳ
1351 1248 1407 1302 δὲ
1469 1250 1705 1319 πονηρᾷ,
1771 1248 1849 1313 ὡς

261 1329 646 1407 βουλόμενοιῆ
684 1337 971 1407 τιμᾶσθαι,
1005 1340 1038 1410 ἢ
1074 1342 1153 1404 εἰς
1191 1342 1417 1411 μείζονα
1451 1341 1703 1395 κίνδυνον
1753 1340 1847 1394 τὸν

272 1422 600 1478 Ἀπὸστολον
625 1427 905 1497 ἐμϐαλεῖν.
939 1432 1002 1485 Οἱ
1026 1432 1082 1486 δὲ
1113 1434 1409 1503 αίρετικοὶ,
1455 1433 1595 1504 μετὰ
1623 1432 1720 1488 τοῦ
1751 1435 1847 1487 καὶ

254 1511 503 1569 διάνοιαν
555 1516 705 1587 ἔχειν
741 1521 988 1591 πονηρὰν
1025 1521 1094 1594 (oi
1120 1523 1231 1592 γὰρ
1284 1522 1507 1585 πλείους
1554 1525 1649 1577 καὶ
1689 1522 1848 1577 τοῦτο

256 1601 494 1675 ἔχουσι),
522 1610 617 1663 καὶ
660 1611 907 1684 δόγματα
936 1619 1289 1690 εἰσηγοῦνται
1335 1622 1485 1686 νόθα,
1519 1624 1566 1675 oi
1602 1622 1702 1692 μὲν
1747 1622 1847 1692 οὐχ

254 1695 651 1768 ὁμολογοῦντες
671 1705 763 1760 τὸν
790 1712 1177 1780 σταυρωθέντα
1204 1714 1360 1779 Θεὸν,
1400 1717 1449 1768 oi
1505 1715 1563 1768 δὲ
1620 1715 1715 1769 δύο
1742 1714 1848 1767 λέ-

254 1801 449 1852 γοντες
478 1790 809 1859 ὑποστάσεις
843 1801 982 1867 μετὰ
1009 1801 1108 1872 τὴν
1141 1802 1357 1870 ἕνωσιν,
1413 1806 1461 1857 oi
1515 1804 1571 1857 δὲ
1626 1804 1702 1868 ὡς
1744 1804 1844 1858 οὐκ

254 1875 419 1931 ἔλαϐε
450 1882 630 1954 σάρκα
660 1889 946 1956 ὀμοούσιον
979 1894 1133 1963 ἡμῖν,
1159 1897 1206 1948 oi
1258 1895 1314 1948 δὲ
1354 1896 1556 1967 ἥττονα
1584 1895 1679 1950 τοῦ
1734 1896 1845 1949 Πα-

251 1970 383 2040 τρδς
405 1973 499 2027 τὸν
527 1976 675 2042 Υίδν,
705 1981 842 2035 καθό
878 1986 994 2037 ἐστι
1023 1987 1119 2039 καὶ
1149 1992 1354 2042 νοεῖται
1377 1988 1530 2055 Θεὸς,
1564 1990 1614 2041 οἱ
1640 1988 1696 2042 δὲ
1717 1986 1847 2050 σύγ-

255 2078 417 2131 κυσιν
452 2068 545 2121 ἐπὶ
591 2074 690 2142 τῆς
736 2073 899 2142 ἁγίας
940 2076 1172 2145 Τριάδος
1210 2080 1614 2153 τερατεύονται.
1653 2099 1672 2133 ι
1731 2078 1841 2133 Καὶ

251 2157 328 2252 Ev-
345 2160 523 2252 τούτῳ
559 2167 756 2235 χαίρω.
794 2188 814 2223 ι
873 2173 1101 2227 Ἐκεῖνοι
1130 2175 1249 2243 μὲν,
1272 2177 1429 2245 φησὶ,
1473 2175 1613 2244 πρὸς
1645 2173 1707 2226 τὸ
1748 2172 1842 2225 λυ-

252 2244 435 2315 πῆσαί
468 2244 559 2321 με,
590 2256 760 2312 ταῦτα
780 2263 1045 2330 ποιοῦσιν,
1083 2264 1193 2334 ἐγὼ
1226 2266 1282 2318 δὲ
1324 2244 1522 2336 χαίρω.
1572 2266 1637 2318 Τί
1692 2264 1838 2333 λέγω

248 2336 430 2408 χαίρω
458 2358 472 2409 ;
504 2343 856 2419 Χαρήσομαι,
883 2356 1036 2424 φησὶ,
1062 2357 1160 2425 τὴν
1187 2356 1405 2409 αἰώνιον
1442 2356 1638 2427 χαράν.

251 2442 467 2501 nostra,
504 2436 557 2493 hi
587 2456 716 2517 vero
740 2445 1009 2501 minorem
1049 2448 1212 2502 Patre
1244 2448 1467 2515 Filium,
1539 2450 1704 2503 etiam
1775 2453 2050 2517 quatenus
2088 2448 2173 2497 est
2239 2447 2293 2494 et
2344 2437 2669 2507 intelligitur
2752 2435 2897 2489 Deus
2944 2453 2957 2489 :

1951 602 2084 656 nulli
2112 600 2436 672 insipientes
2472 603 2741 675 suspicati
2780 612 2928 669 sunt,
2952 602 3099 675 quod
3130 603 3391 661 omnibus
3426 608 3533 662 hac

1950 694 2139 751 reticis
2189 709 2473 751 accessum
2516 695 2731 752 dederit
2791 696 3114 768 Apostolus,
3176 696 3304 766 quia
3350 694 3535 753 dixit:

1958 804 1975 837 ι
2006 782 2133 839 Sive
2167 799 2263 853 per
2295 785 2667 851 occasionem,
2702 787 2818 843 sive
2862 802 2960 859 per
2977 786 3264 843 veritatem
3284 785 3542 843 Christus

1949 875 2365 932 annuntiatur.»
2383 877 2587 934 Verum
2607 876 3006 938 animadverte.
3042 875 3288 932 Primum
3316 877 3538 948 quidem

1950 985 2059 1027 non
2101 968 2240 1024 dixit
2276 969 2664 1037 Annuntietur,
2715 977 2775 1026 ut
2822 969 2926 1025 hoc
2953 979 3199 1027 statuere
3227 978 3537 1042 putaretur.

1951 1064 2046 1120 sed
2100 1063 2496 1128 Annuntiatur,
2548 1079 2790 1120 narrans
2832 1062 2965 1134 quid
3024 1062 3264 1118 accidat.
3336 1062 3539 1119 Deinde

1950 1169 2267 1226 quanquam
2302 1153 2469 1210 etiam
2522 1160 2581 1208 ut
2628 1162 2879 1210 statuens
2926 1151 3160 1207 dixisset
3192 1151 3342 1222 (nam
3380 1150 3538 1205 multi

1950 1262 2168 1318 quoque
2198 1246 2585 1303 haereticorum
2613 1246 2943 1315 scripturam
2973 1244 3377 1315 depravarunt,
3414 1252 3542 1299 tan-

1950 1353 2114 1410 quam
2147 1338 2459 1403 habentem,
2491 1337 2750 1393 Christus
2785 1334 3167 1407 aununtietur)
3198 1349 3266 1390 ne
3296 1334 3370 1390 ita
3409 1336 3534 1404 qui-

1949 1430 2073 1487 dem
2109 1446 2396 1486 accessum
2433 1430 2676 1486 dedisset
2708 1428 3005 1484 haereticis.
3042 1425 3374 1494 Quomodo?
3400 1425 3539 1492 Quia

1948 1524 2004 1578 hi
2038 1524 2102 1578 de
2132 1522 2334 1593 quibus
2360 1521 2493 1575 dicit
2514 1534 2623 1575 non
2648 1520 2953 1575 adulterina
2980 1517 3237 1588 dogmata
3267 1515 3538 1587 praedica-

1948 1617 2101 1679 bant,
2156 1614 2251 1671 sed
2308 1614 2467 1669 tidem
2533 1613 2755 1683 quidem
2799 1622 2945 1666 recte
2991 1610 3305 1673 tradebant,
3354 1616 3542 1663 mente

1954 1716 2131 1763 tamen
2161 1722 2326 1778 prava
2356 1726 2369 1762 ι
2399 1714 2655 1774 tanquam
2684 1704 2979 1773 cupientes
3003 1710 3099 1757 aut
3126 1700 3408 1763 honorari,
3445 1709 3542 1752 aut

1953 1799 2274 1870 Apostolum
2300 1799 2355 1851 in
2394 1796 2574 1865 majus
2603 1795 2909 1865 periculum
2949 1793 3252 1863 conjicere.
3288 1790 3540 1845 llasretiei

1948 1907 2077 1947 vero
2110 1898 2305 1961 praeter
2338 1888 2441 1943 hoc
2481 1886 2627 1957 quod
2661 1893 2897 1941 mentem
2924 1885 3131 1940 habent
3170 1895 3486 1954 perversam
3523 1898 3538 1933 :

1944 1981 2251 2054 (Siquidem
2284 1982 2470 2053 plures
2512 1993 2738 2049 quoque
2771 1978 2824 2033 id
2856 1977 3084 2046 habent)
3115 1976 3373 2048 dogmata
3402 1987 3542 2044 quo-

1941 2093 2047 2148 que
2076 2077 2432 2133 introducunt
2472 2073 2785 2129 adulterina
2815 2091 2829 2128 :
2860 2072 2953 2125 alii
2983 2070 3206 2141 quidem
3234 2068 3404 2123 Deum
3429 2080 3539 2122 non

1941 2166 2189 2219 fatentur
2220 2164 2393 2219 fuisse
2433 2161 2781 2226 cruciﬁxum,
2822 2159 2913 2214 alii
2954 2166 3139 2212 autem
3185 2156 3326 2211 duas
3371 2154 3543 2211 fuisse

1950 2263 2207 2314 asserunt
2235 2269 2502 2325 personas
2526 2261 2651 2323 post
2675 2252 2934 2306 unionem
2965 2267 2979 2303 :
3010 2264 3231 2304 rursum
3262 2247 3355 2303 alii
3377 2250 3537 2318 quasi

1953 2362 2176 2405 carnem
2228 2362 2339 2401 non
2382 2345 2689 2415 accepisset
2741 2341 2991 2412 ejusdem
3041 2341 3369 2397 substantias
3412 2353 3538 2395 cum

3013 2434 3265 2493 nonnulli
3321 2447 3541 2506 quoque

249 2524 637 2583 confusionem
669 2516 725 2585 in
752 2542 946 2588 sancta
982 2535 1182 2591 Triade
1210 2546 1526 2607 portentose
1557 2516 1918 2591 mentiuntur.
1954 2551 1972 2585 ι
2027 2532 2091 2586 Et
2128 2532 2183 2584 in
2225 2529 2329 2584 hoc
2351 2528 2593 2599 gaudeo.
2626 2545 2648 2581 ι
2722 2526 2802 2581 Illi
2840 2527 3064 2597 quidem
3139 2534 3199 2582 ut
3252 2541 3341 2582 me
3406 2542 3510 2583 con

254 2619 478 2675 tristent
507 2622 623 2677 haec
648 2635 839 2696 agunt,
862 2645 963 2701 ego
983 2639 1164 2686 autem
1187 2633 1421 2704 gaudeo.
1449 2633 1516 2687 Et
1535 2634 1666 2704 quid
1694 2633 1840 2694 dico.
1866 2627 2115 2700 gaudeo?
2145 2624 2429 2691 Gaudebo,
2460 2623 2664 2693 inquit,
2698 2630 2964 2693 perpetuo
2993 2622 3214 2692 gaudio.

328 2709 474 2768 Οἶδα
501 2717 611 2784 γὰρ
656 2717 745 2772 ὅτι
766 2720 947 2775 τοῦτό
974 2741 1075 2792 μοι
1097 2724 1468 2791 ἀποϐήσεται
1505 2728 1592 2791 εὶς
1643 2741 1836 2791 σωτη-

244 2805 395 2871 ρίαν
413 2807 513 2860 διὰ
539 2809 651 2877 τῆς
680 2812 850 2878 ὑμῶν
877 2814 1166 2883 δεήσεως,
1189 2818 1287 2871 καὶ
1323 2818 1714 2888 ἐπιχορηγίας
1733 2817 1839 2872 τοῦ

253 2899 607 2967 Πνεύματος
650 2902 845 2983 Ἰησοῦ
878 2908 1139 2974 Χριστοῦ
1169 2909 1321 2963 κατὰ
1387 2909 1502 2978 τὴν
1539 2911 1838 2979 ἀποκαρα-

251 2988 468 3045 δοκίαν
485 2993 581 3047 καὶ
615 2994 835 3049 ἐλπίδα
865 3017 1006 3068 μου,
1036 2999 1215 3055 ὅτιὲν
1247 3002 1449 3056 οὐδενί
1506 3001 1839 3073 αἰσχυνθή-

254 3097 461 3151 σομαι,
502 3085 643 3141 ἀλλ’
676 3089 746 3142 ἐν
765 3090 937 3161 πάσῃ
963 3094 1273 3162 παρρησίᾳ
1299 3094 1381 3159 ὠς
1421 3092 1679 3148 πάντοτε
1738 3094 1835 3149 καὶ

252 3191 279 3226 ν
296 3173 373 3227 ὗν
394 3179 923 3246 μεγαλυνθήσεται
950 3184 1209 3252 Χριστὸς
1246 3184 1317 3238 ἐν
1342 3182 1421 3250 τῷ
1441 3185 1698 3254 στόματί
1713 3203 1834 3256 μου

252 3264 376 3319 εἴτε
404 3265 504 3319 διὰ
534 3267 703 3337 ζωῆς,
733 3271 854 3324 εἶτε
882 3271 980 3326 διὰ
1012 3274 1300 3330 θανάτοιν.

332 3376 351 3410 ι
401 3358 591 3415 Τοῦτο.
697 3364 771 3416 Ἠ
796 3364 857 3417 τὸ
898 3365 1165 3432 δεδέσθαι,
1200 3367 1231 3435 ἢ
1263 3367 1324 3419 τὸ
1349 3368 1721 3437 κηρύσσεσθαι
1750 3370 1841 3425 τὸν
1868 3335 1910 3393 C

252 3452 490 3521 Χριστὸν
515 3454 643 3524 παρ’
664 3455 916 3528 αὖτῶν,ἢ
941 3456 1034 3510 καὶ
1053 3457 1111 3510 τὸ
1130 3457 1578 3512 ἐπιϐουλεύεσθαι
1598 3463 1728 3529 παρ’
1752 3461 1844 3513 αύ-

252 3543 382 3598 τῶν.
422 3563 439 3596 ι
483 3546 575 3608 Εἰς
622 3546 917 3617 σωτηρίαν.
960 3566 979 3599 ι
1012 3548 1297 3619 Σωτηρίαν
1332 3549 1388 3602 δέ
1428 3567 1584 3620 φησι,
1627 3550 1687 3603 τδ
1718 3552 1842 3605 ὅσον

250 3633 467 3691 οὐδέπω
521 3637 855 3707 μαρτυρίαν.
908 3655 925 3688 ι
979 3638 1079 3692 Διὰ
1138 3641 1237 3709 τῆς
1313 3640 1467 3710 ὑμῶν
1523 3641 1779 3712 δεήσεως.
1816 3662 1835 3695 ι

254 3725 401 3796 Ὅρα
428 3728 785 3782 ταπείνωσιν·
815 3729 949 3783 Ἀπὸ
987 3732 1195 3802 μυρίων
1236 3732 1673 3804 κατορθωμάτων
1703 3734 1842 3805 ἔχων

253 3816 614 3887 ὀφειλομένην
651 3819 749 3891 τὴν
784 3826 1084 3893 σωτηρίαν,
1126 3824 1279 3896 φησὶ,
1304 3825 1391 3879 διὰ
1409 3827 1504 3897 τῆς
1535 3826 1688 3897 ὑμῶν
1716 3828 1842 3895 δεή-

253 3928 412 3971 σεως.
466 3912 542 3965 ‘Ei
586 3913 695 3984 γὰρ
756 3916 889 3986 φησὶ
937 3917 1045 3970 τῶν
1100 3917 1276 3988 εύχῶν
1326 3917 1482 3989 ὑμῶν
1521 3920 1836 3991 εὐπορήσω,

250 4004 407 4056 ἔσται
440 4022 531 4073 μοι
576 4005 826 4074 δαψίλεια
868 4006 963 4059 καὶ
1009 4002 1121 4060 οἷον
1167 4009 1455 4079 προσθήκη
1506 4011 1835 4081 πνεύματος.

257 4113 275 4144 ι
324 4094 482 4148 Κατὰ
512 4093 609 4164 τὴν
643 4095 992 4164 καραδοκίαν.
1026 4116 1043 4147 ι
1089 4098 1558 4169 Ἀποκαραδοκίαν
1588 4100 1721 4171 φησὶ
1741 4099 1840 4171 τὴν

255 4187 495 4257 σφοδρὰν
528 4189 620 4240 καὶ
639 4188 1038 4260 ἐπιτεταμένην
1065 4190 1273 4256 ἐλπίδα,
1305 4192 1374 4262 ἦν
1407 4210 1511 4256 τις,
1546 4194 1638 4247 καὶ
1668 4193 1837 4263 αὐτὴν

255 4278 520 4331 ὲπικινῶν
574 4280 674 4351 τὴν
743 4281 1017 4351 κεφαλὴν,
1067 4282 1277 4335 δοκεύει
1339 4283 1436 4337 καὶ
1485 4290 1834 4355 περισκοπεῖ.

261 4384 279 4416 ι
321 4367 430 4418 Καὶ
484 4365 676 4420 ἐλπίδα
732 4386 855 4439 μου.
899 4390 919 4422 ι
975 4369 1069 4423 Ἐκ
1093 4370 1297 4424 τούτων
1332 4372 1570 4427 διδάσκει
1623 4376 1697 4448 μὴ
1729 4376 1839 4430 δεῖν

254 4457 351 4509 ἐπὶ
382 4458 574 4527 μόναις
614 4462 735 4523 ταῖς
786 4460 989 4531 ἑτέρων
1031 4464 1218 4535 εὐχαῖς
1258 4464 1499 4536 θαρρεῖν,
1545 4468 1594 4520 εί
1637 4469 1714 4540 μὴ
1746 4470 1839 4523 κιπιλ⁸

252 4550 466 4603 οἴκοθεν
492 4551 878 4624 συνεισενέγκῃ
905 4572 1007 4617 τις.
1047 4556 1373 4627 Τοιγαροῦν,
1404 4559 1558 4629 φησὶ,
1592 4561 1687 4614 καὶ
1726 4561 1839 4630 ἐγὼ

254 4642 597 4739 οῗλνεισιρέρω
645 4644 743 4714 τὴν
772 4644 986 4739 ἐλπίδα,
1023 4642 1092 4718 ἧς
1141 4649 1323 4718 μεῖξον
1351 4650 1521 4703 οὐδέν.
1554 4669 1572 4703 ι
1632 4646 1695 4704 Ἠ
1726 4655 1834 4721 γὰρ
1870 4685 1909 4739 D

251 4733 431 4796 ἐλπὶς,
465 4736 653 4804 φησὶν,
676 4734 932 4806 ἀλλαχοῦ,
953 4737 1014 4789 ού
1050 4738 1423 4809 καταισχύνει.
1463 4759 1481 4791 ι
1517 4741 1647 4807 Καὶ,
1680 4760 1697 4793 ι
1740 4743 1837 4798 Γέ-

253 4840 420 4888 νοιτο,
459 4824 653 4901 Κύριε,
686 4826 748 4879 τὺ
773 4827 922 4891 ἔλεός
957 4846 1051 4882 σου
1080 4828 1165 4899 ἐφ’
1188 4832 1357 4902 ἡμᾶς,
1397 4833 1649 4904 καθάπερ
1675 4833 1835 4903 ἠλπί-

251 4932 427 4995 σαμεν
461 4918 553 4969 ὲπὶ
577 4918 679 4972 σοί.
715 4938 811 4970 ι-
836 4920 989 4974 (Ὅτι
1022 4923 1079 4976 ἐν
1103 4922 1277 4976 οὐδενὶ
1316 4925 1771 4997 αἰσχυνθήσομαι.
1812 4947 1828 4980 ι

256 5009 401 5074 Ὅτι,
444 5011 715 5079 φησιν,ού
766 5013 1121 5083 περιέσονται
1172 5015 1221 5067 οἱ
1253 5016 1546 5071 ἐπίϐουλοι.
1592 5019 1689 5070 Ἂν
1725 5019 1833 5091 γὰρ

250 5102 642 5167 ἀποκτείνωσι,
677 5104 798 5156 τότε
837 5105 1075 5173 μάλιστα
1124 5108 1472 5179 περιγέγονα.
1511 5129 1528 5160 ι
1580 5108 1722 5163 Ἀλλ’
1775 5112 1833 5165 ἐν

250 5194 404 5267 πάσῃ
427 5194 732 5265 παρῤησίᾳ.
773 5214 791 5247 ι
834 5191 991 5264 Οίον,
1049 5199 1259 5267 σαφῶς,
1315 5200 1585 5271 φανερῶς,
1610 5202 1668 5254 ού
1708 5221 1832 5257 συν-

249 5290 653 5359 εσκιασμένως.
695 5318 766 5330 —-
803 5309 821 5341 ι
861 5291 971 5342 Καὶ
1020 5291 1115 5344 νῦν
1176 5292 1641 5364 μεγαλυνθήσεται
1700 5297 1834 5366 Χρι-

252 5380 403 5445 στός.
419 5400 435 5431 ι
451 5380 719 5453 -[ΦΩΤ.]
750 5384 991 5437 Πάντοτε
1013 5385 1377 5454 ἐμεγαλύνετο
1399 5388 1633 5458 Χριστὸς
1657 5389 1717 5441 ὲν
1751 5391 1828 5459 τῷ

251 5474 474 5544 Παύλῳ,
530 5475 625 5526 καὶ
672 5474 763 5527 ὅτε
795 5474 1108 5546 παρεχώρει
1147 5476 1309 5529 αὐτὸν
1339 5480 1449 5541 τοῖς
1481 5479 1702 5547 δεσμοῖς
1738 5481 1830 5532 καὶ

248 5571 364 5632 τοῖς
421 5567 671 5637 μάστιξιν
728 5567 1175 5639 ὲνταλαιπωρεῖν,
1211 5570 1305 5622 καὶ
1346 5572 1435 5623 ὅτε
1478 5571 1684 5635 ἑξεῖλκε
1736 5575 1829 5626 καὶ

248 5662 544 5734 ἐλυτροῦτο
583 5660 766 5715 αὐτόν.
808 5662 906 5715 Διὰ
958 5662 1058 5732 μὲν
1102 5663 1214 5734 γὰρ
1259 5664 1467 5718 ἐκείνου
1516 5664 1830 5720 ὲϐεϐαιοῦτο

246 5774 282 5811 κ
295 5758 342 5807 ιὶ
362 5754 690 5826 ἐκρατύνετο
705 5756 764 5810 τὸ
782 5757 1062 5825 κήρυγμα,
1078 5755 1440 5826 λογιζομένων
1456 5754 1562 5813 τῶν
1580 5757 1826 5828 ὁρώντων

322 5873 340 5904 ³
371 5871 531 5927 Rom.
583 5888 636 5938 ν,
673 5870 725 5924 5.
803 5870 821 5900 ¹⁵
863 5869 1007 5926 Ρδιιῐ.
1051 5887 1218 5938 xxxn,
1252 5870 1343 5924 ειν.

2015 2718 2054 2775 1.
2099 2717 2298 2774 19-20.
2346 2713 2484 2771 Novi
2504 2716 2642 2769 enim
2672 2712 2811 2783 quod
2839 2713 2935 2767 hoc
2972 2713 3102 2767 mihi
3142 2713 3290 2769 cedet
3335 2715 3390 2769 in
3431 2716 3538 2787 73

1942 2812 2167 2865 salutem
2191 2824 2282 2877 per
2314 2817 2543 2863 vestram
2564 2804 2987 2876 deprecationem
3004 2813 3052 2859 et
3085 2805 3511 2861 subministratio

1942 2920 2058 2957 nem
2088 2902 2322 2973 Spiritus
2353 2900 2483 2956 Iesu
2515 2901 2719 2954 Christi
2746 2899 3040 2954 secundum
3086 2901 3533 2971 exspectationem

1943 3006 1993 3051 et
2027 3013 2169 3064 spem
2208 3012 2401 3061 meam,
2431 2996 2568 3065 quod
2596 2993 2746 3048 nulla
2777 2994 2833 3047 in
2864 3009 2918 3047 re
2942 2992 3211 3064 pudeﬁam
3243 3036 3257 3061 ,
3290 2994 3381 3049 sed
3412 3011 3532 3049 eum

1945 3092 2089 3144 omni
2132 3089 2377 3143 libertate
2407 3095 2465 3141 ut
2504 3102 2725 3154 semper,
2772 3086 2849 3139 ita
2878 3103 3015 3139 nunc
3051 3102 3255 3157 quoque
3287 3088 3537 3157 magni/io

1944 3182 2154 3236 cabitur
2189 3181 2432 3236 Christus
2458 3180 2514 3233 in
2544 3195 2765 3249 corpore
2807 3195 2941 3245 meo,
2967 3180 3075 3235 sive
3103 3195 3194 3248 per
3215 3181 3400 3246 vitam,
3430 3182 3536 3235 sire

1942 3289 2036 3342 per
2062 3280 2303 3326 mortem.

2025 3382 2042 3415 ι
2088 3363 2218 3418 Hoc.
2248 3362 2395 3416 iAut
2418 3362 2687 3432 illigatum
2724 3375 2869 3426 esse,
2910 3369 3003 3415 aut
3057 3361 3126 3416 ab
3157 3362 3293 3431 ipsis
3329 3363 3530 3433 praedi—

1946 3454 2062 3509 cari
2093 3454 2397 3520 Christum,
2448 3462 2543 3507 aut
2577 3453 2743 3506 etiam
2805 3452 3025 3507 insidiis
3064 3453 3245 3523 appeti
3303 3456 3530 3521 abillis,

1954 3564 1973 3597 ι
2010 3545 2068 3599 lu
2105 3545 2362 3598 salutem.
2396 3561 2413 3594 ι
2451 3542 2691 3597 Salutem
2721 3550 2903 3597 autem
2940 3542 3073 3597 dicit
3097 3543 3245 3614 quod
3285 3544 3529 3600 nondum

1946 3645 2227 3707 pateretur
2293 3635 2639 3707 martyrium.
2672 3653 2691 3687 ι
2738 3635 2841 3689 Per
2898 3644 3134 3690 vestram
3192 3635 3535 3705 deprecatio-

1947 3746 2093 3786 nem.
2137 3750 2155 3782 ι
2195 3728 2328 3785 Vide
2385 3736 2569 3783 autem
2611 3735 2877 3799 quantum
2928 3744 3052 3784 sese
3086 3730 3361 3784 demittat.
3392 3730 3530 3787 Cum

1944 3823 2015 3879 ob
2072 3823 2359 3878 innumera
2434 3821 2699 3892 praeclara
2762 3820 3011 3875 facinora
3069 3822 3370 3878 deberetur
3424 3826 3529 3881 sibi

1944 3916 2117 3978 salus,
2156 3914 2271 3968 ait:
2317 3912 2420 3969 Per
2446 3921 2682 3968 vestram
2714 3911 3185 3982 deprecationem.
3213 3912 3273 3969 Si
3315 3924 3530 3973 vestras

1944 4006 2143 4076 inquit,
2203 4006 2623 4076 deprecationes
2695 4005 2926 4075 adeptus
2987 4003 3166 4069 fuero,
3226 4011 3333 4062 erit
3391 4010 3527 4063 mihi

1943 4098 2283 4153 abundantia
2334 4107 2391 4153 et
2434 4097 2602 4152 veluti
2634 4105 3045 4152 accrementum
3084 4098 3333 4167 spiritus.
3375 4119 3393 4153 ι
3426 4100 3527 4156 Se-

1943 4190 2183 4245 cundum
2244 4191 2730 4261 exspectationem.
2774 4208 2793 4241 ι
2862 4190 3342 4261 Exspectationem
3396 4193 3529 4248 dicit

1942 4281 2319 4336 vehementem
2363 4291 2418 4337 et
2470 4284 2741 4336 iutensam
2774 4296 2949 4351 spem,
2985 4297 3148 4352 quam
3192 4283 3320 4352 quis
3360 4286 3525 4339 etiam

1942 4370 2119 4443 capite
2142 4374 2263 4443 ipso
2289 4383 2437 4428 moto
2471 4373 2730 4429 observat
2755 4387 2818 4426 ac
2838 4373 3207 4444 concupiscit.
3244 4393 3260 4426 ι
3282 4375 3350 4429 Ει
3373 4391 3523 4447 spem

1941 4479 2136 4520 meam.
2168 4485 2187 4517 ι
2224 4464 2303 4519 Ex
2335 4466 2422 4520 his
2448 4464 2735 4521 docetnon
2764 4474 3017 4535 oportere
3046 4467 3102 4519 in
3126 4466 3260 4523 solis
3290 4467 3522 4522 aliorum

1941 4544 2201 4629 precibus
2252 4558 2565 4624 conﬁdere,
2631 4558 2738 4613 nisi
2789 4559 2953 4613 etiam
3008 4573 3037 4613 a
3100 4559 3287 4630 seipse
3315 4561 3525 4629 aliquid

1942 4640 2443 4715 eonfcrat."ltaque
2464 4656 2518 4701 et
2547 4660 2671 4715 ego,
2715 4647 2913 4717 inquit,
2944 4661 3097 4718 spem
3133 4646 3297 4703 simul
3329 4646 3520 4712 adero.

1942 4755 2048 4810 qua
2076 4740 2209 4793 nihil
2243 4739 2422 4807 majus
2444 4747 2549 4794 est.
2595 4757 2612 4791 ι
2656 4739 2793 4810 Spes
2824 4739 2996 4805 enim,
3028 4740 3161 4798 dicit
3200 4740 3353 4807 alibi,
3410 4755 3520 4795 non

1942 4829 2316 4902 pudefacit'a
2354 4828 2419 4883 Et
2450 4849 2463 4885 ι
2508 4848 2526 4881 ι
2559 4829 2681 4884 Fiat
2715 4828 3099 4885 misericordia
3124 4836 3236 4896 tua,
3270 4827 3521 4896 Domine,

1939 4939 2102 4992 super
2155 4937 2293 4985 nos,
2358 4921 2822 4992 quemadmodum
2884 4919 3232 4991 speravimus
3295 4922 3349 4975 in
3423 4922 3517 4975 ιεδ.

1944 5033 1962 5068 ι
2005 5014 2162 5081 Quod
2217 5015 2367 5068 nulla
2404 5014 2459 5068 in
2507 5029 2564 5068 re
2612 5012 2905 5082 pudeilam.
2953 5030 2974 5064 ι
3012 5010 3152 5078 Quia
3205 5012 3521 5081 superiores

1938 5125 2047 5165 non
2076 5118 2239 5163 erunt
2279 5107 2632 5161 insidiatores
2664 5120 2676 5156 :
2710 5118 2835 5158 nam
2867 5103 2914 5159 si
2947 5104 3273 5165 occiderint.
3328 5103 3381 5157 in
3413 5106 3519 5157 hoc

1936 5202 2173 5258 maxime
2211 5201 2417 5255 vicero.
2453 5217 2471 5250 ι
2510 5197 2619 5253 Sed
2661 5212 2784 5252 cum
2827 5196 2976 5251 omni
3030 5196 3303 5250 libertate.
3351 5212 3369 5245 ι
3404 5193 3520 5250 Hoc

1936 5302 2041 5360 est,
2078 5294 2387 5364 perspicue,
2431 5298 2639 5360 aperte,
2674 5304 2781 5343 non
2808 5287 3028 5342 obtecto
3049 5284 3516 5342 modo.—«Nunc

1930 5400 2157 5455 quoque
2180 5382 2622 5455 magniﬁeabitur
2647 5380 2922 5436 Christus.
2951 5396 2969 5427 δ
3008 5376 3239 5448 Semper
3269 5378 3323 5431 in
3350 5375 3519 5431 Paulo

1939 5476 2391 5547 magniﬁcabatur
2423 5475 2697 5538 Christus,
2745 5478 2799 5526 et
2850 5469 3072 5542 quando
3116 5470 3292 5539 ipsqu
3333 5470 3512 5524 trade-

1940 5574 2056 5636 bat,
2096 5579 2150 5624 nt
2182 5570 2421 5625 vinculis
2477 5584 2541 5624 ac
2572 5565 2801 5635 ﬂagellis
2834 5565 3039 5620 misere
3076 5562 3426 5633 aﬂligerctur,
3464 5570 3520 5617 et

1940 5663 2162 5734 quando
2196 5662 2607 5717 eduCebateum
2636 5674 2701 5713 ac
2724 5657 3018 5713 liberabat.
3050 5654 3155 5713 Per
3194 5654 3327 5710 illud
3358 5670 3517 5708 nam-

1941 5771 2044 5829 que
2073 5754 2519 5821 conﬁrmabatur,
2565 5752 2819 5821 viresque
2855 5748 3104 5805 sumebat
3153 5746 3469 5825 pra‘dicatio
3501 5761 3517 5802 :
