4216 6450
711 351 852 419 1275
1668 350 1669 353 “
1792 346 2189 409 CECUMENII
2213 347 2311 408 TR

2408 347 2502 408 31E
2528 345 2869 410 EPISCOPI
3829 344 3973 408 1276

710 467 875 521 modo
929 472 1112 521 autem
1163 461 1360 535 poterit
1414 461 1589 533 gloria
1636 461 1975 517 extuberare‘l
2014 462 2120 517 Per
2177 462 2311 535 hoc,

2408 461 2673 533 ινατρίχιι
2689 461 2779 515 τὸν
2798 460 3138 517 διδάσκαλον.
3163 478 3180 513 ι
3207 460 3303 514 Διά
3324 459 3423 529 τῆς
3446 459 3586 530 ἐμῆς
3609 459 3930 528 παρουσίας.
3948 477 3968 510 ι

709 557 855 626 quod
887 557 999 614 sint
1029 559 1081 610 in
1116 556 1218 609 ﬁde
1248 554 1583 615 conﬁrmati,
1624 561 1678 609 et
1716 563 1864 609 recte
1893 552 2149 609 videlicet
2194 553 2275 607 vi-

2412 554 2458 606 H
2491 555 2599 624 γὰρ
2639 553 2851 607 Παύλου
2877 552 3167 622 παρουσία,
3186 552 3423 621 ὠφέλεια
3456 547 3526 624 ἦν
3553 550 3663 607 τῶν
3688 551 3969 606 ἁπάντων.

710 660 862 703 vant.
914 667 931 699 ι
980 647 1082 700 Per
1134 645 1413 700 Christum
1474 643 1660 699 Jesum
1719 646 1775 698 in
1801 658 1906 700 me.
1944 662 1964 694 ι
2004 642 2276 707 Quoniam

2408 644 2604 709 Ἐδειξε
2624 644 2700 708 δέ,
2725 645 2809 698 ὅτι
2836 642 3224 698 ἀπελεύσεται.

713 739 852 792 dixit
908 752 1062 792 suam
1100 738 1528 807 permanentiam
1576 738 1641 791 ad
1684 737 1904 792 illorum
1957 736 2074 790 tieri
2130 733 2478 804 proiectum,
2523 736 2642 789 vult
2688 750 2835 789 nunc
2868 736 3164 791 ostendere
3207 734 3355 806 quod
3400 735 3647 803 ipsorum
3688 730 3973 803 proiectus

714 832 769 885 in
835 847 996 886 suum
1048 832 1220 900 ipsius
1268 841 1455 901 vergat
1507 831 1857 887 commodum
1899 843 1913 881 :
1963 844 2033 884 ne
2080 843 2309 900 gravare
2340 842 2435 884 eos
2481 827 2767 894 videatur,
2818 830 2964 899 quod
3018 836 3241 899 propter
3294 829 3446 899 ipsos
3492 828 3773 897 proprium
3848 825 3972 878 des-

712 932 927 997 pexerit
984 926 1353 981 commodum.
1406 926 1538 980 Nam
1594 937 1809 991 vestra,
1862 926 2059 996 inquit,
2109 925 2283 994 gloria
2320 924 2485 980 etiam
2522 926 2577 979 in
2614 940 2702 981 me
2729 925 3019 980 exuberat.
3054 922 3110 977 Si
3139 926 3281 978 enim
3304 939 3402 978 vos
3456 922 3669 990 probati
3736 916 3969 975 fueritis.

714 1024 883 1091 gloria
904 1021 969 1074 ad
1007 1035 1092 1073 me
1116 1035 1334 1089 quoque
1369 1028 1759 1089 praeceptorem
1808 1027 2076 1073 recurret.
2120 1035 2139 1067 ι
2178 1016 2281 1071 Per
2358 1032 2541 1073 meum
2611 1018 2931 1073 adventum.
2972 1017 3178 1100 i'Pauli
3210 1017 3357 1072 enim
3398 1015 3668 1070 adventus
3717 1027 3782 1067 ac
3829 1024 3973 1082 prae.

716 1116 893 1169 sentia
923 1112 1167 1168 omnium
1200 1120 1317 1168 erat
1345 1114 1575 1168 utilitas.
1621 1113 1873 1170 Ostendit
1919 1122 2103 1168 autem
2136 1114 2284 1183 quod
2326 1112 2609 1170 rediturus
2640 1121 2808 1168 esset.
2984 1150 2995 1173 ρ

1314 1220 1542 1274 CAPUT
1581 1220 1668 1274 lll.

715 1310 1035 1365 Exhortatio
1084 1310 1154 1363 ad
1201 1314 1649 1365 conversationem
1683 1311 1967 1365 secundum
2014 1311 2179 1367 Deum
2212 1313 2290 1368 vi-

678 1384 687 1392 ’
1230 1403 1439 1459 tamque
1477 1394 1731 1448 divinam.

788 1479 830 1543 1,
862 1479 1051 1534 27-29.
1091 1483 1316 1532 Tantum
1348 1490 1403 1533 ut
1432 1483 1645 1550 dignum
1668 1493 1745 1535 est
1772 1482 2059 1553 Evangelia
2087 1484 2290 1539 Christi

715 1569 1088 1623 conversemini
1116 1588 1130 1622 :
1165 1577 1221 1621 ut
1257 1570 1364 1622 sive
1401 1586 1520 1622 cum
1551 1584 1733 1623 venero
1764 1582 1817 1624 et
1844 1573 2018 1624 videro
2047 1589 2155 1635 vos,
2183 1574 2289 1626 sive

716 1658 906 1710 absens
937 1657 1062 1721 sim,
1094 1659 1309 1709 audiam
1361 1655 1423 1709 de
1454 1656 1603 1709 rebus
1635 1659 1846 1719 vestris,
1888 1656 2026 1725 quod
2060 1658 2200 1725 ﬂetis
2232 1659 2290 1711 in

3004 1222 3251 1275 ΚΕΦΑΛ.
3297 1219 3371 1274 Γ.

2396 1313 2756 1381 Παραίνεσις
2795 1310 2904 1380 τῆς
2940 1313 3089 1365 κατὰ
3127 1313 3277 1381 Θεὸν
3304 1311 3658 1381 πολιτείας,
3715 1310 3814 1364 καί
3868 1310 3979 1380 τῆς

2972 1383 3183 1437 ἐνθέου
3216 1379 3382 1448 ζωῆς.

2464 1475 2671 1528 Μόνον
2699 1476 2884 1541 ἀξίως
2904 1476 3012 1530 τοῦ
3044 1477 3416 1543 Εὐαγγελίου
3444 1475 3551 1529 τοῦ
3580 1474 3843 1544 Χριστοῦ
3874 1489 3985 1526 πο-

2397 1566 2727 1628 λιτεύεσθε,
2780 1568 2883 1619 ἵνα
2936 1567 3057 1620 εἴτε
3118 1565 3315 1619 ἐλθὼν
3354 1568 3452 1618 καί
3494 1566 3640 1618 ιδὼν
3660 1565 3986 1633 ὑμᾶς,ειτε

2396 1652 2588 1719 ἀπὼν,
2620 1655 2867 1709 ἀκούσω
2887 1655 2959 1709 τὰ
2981 1654 3114 1723 περὶ
3148 1653 3334 1723 ὑμῶν,
3376 1653 3464 1707 ὅτι
3497 1655 3756 1720 στήκετε
3794 1657 3866 1708 ὲν
3893 1654 3986 1708 ἐνὶ

716 1761 824 1798 uno
858 1746 1066 1810 spiritu,
1095 1744 1199 1812 77
1236 1760 1343 1795 una
1373 1745 1572 1805 anima,
1600 1754 1863 1799 certantes
1900 1763 2004 1798 una
2048 1763 2163 1799 cum
2194 1746 2296 1814 ﬁde

2408 1745 2706 1813 versunam,
2758 1744 2867 1814 μιᾷ
2922 1747 3117 1814 ψυχῇ,
3162 1746 3629 1813 συναθλοῦντες
3658 1746 3735 1812 τῇ
3778 1749 3987 1801 πίστει

716 1830 1044 1899 Evangelii:
1093 1846 1184 1883 nec
1226 1830 1279 1882 in
1333 1830 1443 1883 ulla
1501 1832 1803 1883 teri-camini
1856 1829 2295 1883 abadversariis:

2408 1836 2505 1888 τοῦ
2534 1838 2930 1903 Εὐαγγελίου,
2995 1838 3093 1890 καί
3137 1837 3223 1905 μὴ
3256 1840 3617 1905 πτυρόμενοι
3661 1840 3731 1892 ἑν
3763 1838 3986 1907 μηδενί

718 1940 833 1993 qua
856 1923 963 1976 illis
1002 1924 1210 1991 quidem
1250 1932 1328 1976 est
1387 1924 1612 1977 ostensio
1658 1924 1993 1990 perditionis,
2022 1922 2165 1974 vobis
2196 1937 2295 1973 au-

721 2018 821 2061 tem
848 2011 1039 2062 salutis
1076 2027 1094 2064 :
1129 2020 1177 2063 et
1226 2010 1323 2062 hoc
1368 2026 1399 2061 a
1438 2010 1569 2075 Deo,
1601 2011 1723 2079 quia
1755 2009 1895 2063 vobis
1925 2008 2183 2061 donatum.
2215 2016 2295 2062 est

718 2100 814 2153 hoc
844 2116 876 2152 a
904 2100 1136 2162 Christo,
1164 2117 1268 2154 non
1291 2100 1459 2154 solum
1495 2110 1551 2153 ut
1582 2102 1636 2154 in
1664 2115 1780 2153 eum
1806 2100 2057 2164 credatis,
2084 2115 2292 2152 verum-

717 2200 875 2252 etiain
902 2207 959 2251 ut
992 2214 1086 2253 pro
1118 2197 1210 2250 illo
1236 2198 1536 2265 patiamini.

796 2374 1073 2431 «Tantum
1133 2382 1191 2428 ut
1246 2374 1471 2445 dignum
1530 2381 1633 2429 est.
1683 2392 1701 2425 ι
1743 2372 1931 2443 Itaque
1981 2389 2083 2445 ego
2130 2373 2296 2430 simul

720 2469 1055 2537 permanebo
1078 2467 1144 2520 ad
1189 2467 1495 2536 profectum
1530 2474 1792 2529 vestrum,
1827 2473 2063 2529 tantum,
2091 2466 2293 2536 inquit,

721 2559 827 2613 hoc
861 2560 1026 2626 agite,
1060 2567 1119 2611 ut
1148 2557 1373 2626 dignum
1408 2565 1491 2611 est
1524 2556 1820 2625 Evangelio
1846 2555 2251 2611 conversemiui
2278 2574 2291 2610 :

722 2651 825 2704 li'oc
858 2659 964 2713 est,
998 2650 1052 2702 iu
1086 2649 1285 2702 virtute
1311 2647 1567 2702 crcscite.
1599 2664 1617 2701 t
1645 2646 1712 2700 Et
1739 2646 1927 2702 videro
1961 2662 2111 2701 vos.»
2154 2646 2297 2701 Sub-

722 2742 934 2805 audito,
986 2738 1288 2795 Gaudeam.
1327 2757 1344 2790 ι
1390 2738 1517 2793 Sive
1565 2739 1763 2794 abscns
1806 2740 1931 2794 sim.
1968 2758 1985 2789 ι
2012 2739 2130 2793 Non
2193 2739 2298 2794 lioc

723 2833 798 2887 ait
836 2833 992 2901 quasi
1029 2842 1377 2885 commutans
1406 2831 1663 2893 reditum,
1695 2830 1789 2885 sed
1823 2830 1964 2884 dixit
1993 2832 2123 2901 quid
2164 2846 2298 2886 cou-

722 2924 976 2991 tingerct.
1005 2921 1142 2975 Nam
1176 2922 1220 2975 si
1271 2930 1331 2974 ut
1380 2920 1678 2990 Evangelia
1703 2920 1927 2990 dignum
1962 2930 2067 2983 est,
2093 2922 2294 2989 inquit,

724 3011 1154 3075 conversemiui,
1194 3025 1319 3065 cum
1383 3027 1581 3067 venero
1607 3020 1660 3065 et
1684 3010 1871 3065 videro
1892 3001 2009 3077 vos,
2047 3012 2297 3080 gaudebo

727 3104 870 3172 (hoc
919 3103 1086 3169 enim,
1148 3110 1207 3156 ut
1259 3103 1524 3167 diximus,
1583 3101 2023 3157 subaudiendum
2080 3106 2195 3171 est)
2243 3110 2297 3157 et

2400 1927 2521 1980 ὑπὸ
2570 1926 2689 1979 τῶν
2743 1928 3185 1996 ἀντικειμένων,
3247 1929 3380 1995 ἥτις
3426 1929 3632 1995 αὐτοῖς
3654 1930 3772 1997 μέν
3809 1930 3991 1982 ἐστιν

2400 2015 2660 2082 ἔνδειξις
2698 2018 3017 2082 ἀπωλείας,
3038 2021 3182 2086 ὑμῖν
3206 2016 3273 2070 δὲ
3302 2020 3621 2084 σωτηρίας.
3654 2021 3760 2073 Καί
3805 2018 3989 2071 τοῦτο

2400 2108 2519 2163 ἀπὸ
2559 2109 2729 2173 Θεοῦ,
2771 2108 2860 2163 ὅτι
2899 2109 3042 2178 ὑμῖν
3095 2110 3389 2178 ἐχαρίσθη
3422 2110 3488 2163 τὸ
3520 2111 3671 2177 ὑπὲρ
3697 2109 3985 2177 Χριστοῦ,

2402 2202 2474 2254 οὑ
2495 2202 2689 2269 μόνον
2742 2201 2808 2254 τὸ
2855 2204 2940 2266 είς
2967 2201 3154 2255 αὑτὸν
3214 2204 3544 2267 πιστεύειν,
3591 2203 3753 2257 ἀλλὰ
3780 2204 3881 2256 καί
3918 2202 3988 2255 τὸ

2402 2294 2554 2359 ὺπέρ
2577 2294 2764 2346 αὐτοῦ
2799 2292 3084 2361 πάσχειν.
3549 2279 3559 2285 ’

2480 2402 2497 2434 ι
2536 2384 2711 2437 Μόνον
2767 2384 2952 2451 ἀξίως,
3000 2402 3019 2436 ι
3064 2383 3206 2451 Ἐγὼ
3256 2383 3356 2453 μὲν
3410 2378 3503 2437 οὖν
3561 2386 3987 2456 συμπαραμενῶ

2404 2476 2542 2547 πρὸς
2566 2477 2664 2547 τὴν
2698 2477 2982 2547 προκοπὴν
3010 2477 3185 2546 ὑμῶν,
3238 2478 3418 2547 μόνον,
3444 2477 3598 2545 φησι,
3630 2476 3788 2530 τοῦτο
3819 2481 3989 2547 ποιή-

2406 2585 2556 2634 σατε,
2589 2570 2753 2633 ἀξίως
2783 2568 2875 2621 τοῦ
2912 2567 3247 2636 Εὐαγγελίου
3296 2568 3664 2630 πολιτεύεσθε,
3686 2570 3989 2632 ⁴τουτέστι,

2406 2659 2541 2728 πρὸς
2569 2658 2769 2728 ἀρετὴν
2797 2658 3031 2713 ἐπίδοτε.
3074 2677 3093 2710 ι
3132 2659 3242 2711 Καὶ
3268 2658 3393 2712 ίδὼν
3418 2660 3585 2727 ὑμᾶς.
3619 2678 3637 2709 ι
3658 2656 3991 2729 Εὐφρανθῶ,

2406 2749 2590 2820 φησίν.
2632 2769 2651 2801 ι
2682 2751 2804 2804 Εἴτε
2840 2750 3015 2805 ἀπών.
3050 2769 3068 2801 ι
3105 2751 3180 2803 Οὐ
3204 2752 3360 2803 τοῦτο
3403 2747 3555 2802 εἶπεν
3578 2750 3654 2812 ὡς
3681 2750 3995 2819 μεταθέμε-

2406 2860 2494 2906 νος
2518 2843 2577 2896 τὸ
2605 2843 2885 2905 ἀπελθεῖν,
2912 2842 3049 2896 ἀλλὰ
3075 2843 3134 2895 τὸ
3167 2843 3465 2912 συμϐαῖνον
3494 2838 3675 2895 ετπεν.
3707 2842 3840 2894 Ἐὰν
3866 2844 3983 2912 γὰρ

2408 2936 2589 3004 φησὶν,
2623 2934 2787 3000 ἀξίως
2809 2935 2901 2988 τοῦ
2929 2935 3258 3003 Εὑαγγελίου
3290 2934 3664 3005 πολιτεύησθε,
3689 2933 3860 2987 ἐλθὼν
3893 2936 3994 2988 καὶ

2406 3024 2547 3094 ὁρῶν
2570 3025 2736 3095 ὑμᾶς,
2767 3026 3216 3095 εὐφρανθήσομαι
3247 3025 3425 3092 (τοῦτο
3460 3024 3571 3093 γὰρ
3602 3041 3997 3094 προσυπακου-

2409 3118 2607 3183 στέον),
2632 3118 2725 3169 καὶ
2764 3120 2892 3185 πρὶν
2917 3118 3114 3181 ἐλθεῖν,
3165 3117 3320 3206 ἀπίων
3351 3117 3445 3170 καὶ
3480 3117 3716 3181 ἀκούων,
3744 3118 3995 3188 εὐφρανο

724 3196 1045 3265 priusquam
1077 3196 1293 3249 veniam
1331 3196 1375 3249 si
1412 3195 1611 3249 absens
1656 3194 1882 3249 audiero
1907 3233 1921 3257 ,
1959 3196 2123 3248 etiam
2167 3210 2299 3265 gau-

2408 3176 2660 3276 θήσομαι.
2703 3226 2721 3258 ι
2758 3176 2848 3260 ’έν
2882 3209 2963 3259 ἐνὶ
3016 3176 3307 3277 πνεύμαῑτῖ.
3364 3227 3381 3261 ι
3416 3209 3505 3261 Ἐν
3554 3209 3635 3261 ἐνὶ
3687 3176 3995 3279 inpiatum

727 3288 889 3341 debo.
915 3304 933 3337 ι
968 3286 1025 3339 1η
1071 3302 1176 3341 uno
1213 3287 1432 3355 spiritu.
1474 3306 1492 3337 ι
1522 3287 1579 3340 lu
1610 3302 1720 3339 uno
1751 3286 2040 3340 cliaritatis
2069 3295 2124 3340 et
2167 3301 2303 3340 cou-

728 3377 931 3431 cordia:
954 3378 1119 3430 dono.
1158 3395 1176 3427 ι
1213 3375 1333 3433 Utta
1358 3377 1565 3431 anima.
1612 3396 1630 3428 ι
1665 3376 1817 3432 Adeo
1851 3377 2122 3431 charitate
2151 3377 2306 3431 colli-

730 3467 902 3536 ligati,
965 3476 1022 3521 ut
1085 3483 1250 3521 unam
1307 3468 1409 3521 visi
1459 3466 1662 3521 habere
1738 3468 2013 3533 animam,
2070 3467 2304 3521 invicem

732 3560 1005 3627 adjuvetis
1053 3559 1107 3612 in
1162 3559 1565 3613 certaminibus
1614 3572 1677 3612 ac
1720 3558 2000 3627 periculis.
2040 3584 2109 3597 -—
2138 3577 2157 3609 ι
2194 3558 2306 3612 Nec

729 3650 1065 3705 terreamiui.
1108 3667 1127 3700 ι
1172 3647 1291 3702 Non
1330 3650 1476 3712 dico,
1527 3648 1721 3720 inquit,
1770 3666 1838 3703 ne
1891 3650 2176 3713 excidatis,
2213 3650 2306 3705 sed

730 3757 836 3798 nec
863 3743 1047 3797 animo
1079 3744 1529 3806 consteruemiui,
1579 3743 1683 3798 hoc
1713 3750 1816 3809 est,
1858 3743 1913 3797 in
1947 3745 2098 3799 nullo
2122 3745 2307 3803 turbe-

733 3836 923 3889 mini:
979 3851 1295 3905 quanquam
1346 3843 1576 3890 mortem
1628 3835 1950 3890 minitentur
1982 3837 2306 3901 adversarii,

736 3927 865 3981 licet
881 3931 1214 3996 exprobrent
1239 3928 1395 3982 vobis
1432 3943 1549 3982 mea
1581 3927 1819 3980 vincula.
1850 3946 1867 3978 ι
1888 3926 2019 3993 Qua:
2050 3929 2157 3982 illis
2186 3928 2311 3998 qui-

738 4019 865 4072 dem
896 4030 999 4072 est.
1037 4036 1055 4069 ι
1099 4017 1155 4071 Si
1216 4018 1285 4072 ab
1329 4018 1660 4073 adversariis
1707 4034 1814 4072 non
1857 4017 2073 4074 fueritis
2110 4021 2306 4085 territi,

737 4109 1071 4165 insurrectio
1095 4110 1340 4178 ipsorum
1366 4108 1653 4163 adversum
1685 4125 1780 4164 vos
1802 4120 2153 4165 cciivertctur
2174 4113 2310 4181 ipsis

737 4200 806 4254 ad
847 4202 1217 4255 ostensionem
1242 4200 1584 4269 perditionis.
1620 4200 1733 4255 Hoc
1764 4211 1868 4266 est,
1900 4209 1994 4254 aut
2037 4203 2180 4270 quod
2214 4217 2311 4271 per

646 4344 653 4345 ,
737 4302 979 4346 vestram
1023 4292 1333 4346 ﬁrmitatem
1382 4291 1740 4345 ostendentur
1783 4300 1838 4346 et
1873 4292 2311 4348 manifestabun-

741 4394 833 4437 tur
881 4398 1000 4451 qute
1063 4393 1194 4438 sunt
1250 4381 1578 4451 perditionis
1615 4391 1669 4438 et
1706 4398 1737 4437 a
1768 4399 1907 4437 vana
1955 4385 2128 4454 gloria
2162 4387 2309 4441 suis-

739 4490 848 4543 que
869 4474 1068 4528 studiis
1101 4474 1404 4537 discedent,
1450 4481 1503 4526 et
1534 4490 1599 4527 cx
1639 4474 1740 4529 hoc
1786 4476 1965 4544 major
2022 4478 2127 4529 erit
2155 4477 2308 4531 vobis

739 4560 1101 4615 redundantia
1147 4562 1366 4625 salutis,
1418 4568 1474 4614 ut
1528 4561 1620 4630 qui
1676 4562 1800 4616 aliis
1855 4578 2075 4632 quoque
2140 4578 2309 4619 causa

738 4653 955 4707 fueritis
992 4662 1050 4707 ut
1101 4653 1403 4723 eﬂ'ugerent
1446 4653 1802 4721 perditionem
1839 4663 1893 4708 et
1940 4656 2173 4710 salutem
2235 4656 2313 4710 lu-

740 4746 1092 4800 crit'accreut.
1143 4748 1254 4800 Aut
1307 4761 1440 4815 ergo
1490 4745 1563 4800 ita
1609 4746 2024 4816 intelligendum
2061 4756 2168 4810 est,
2220 4760 2314 4802 aut

741 4839 1066 4905 simplicius,
1096 4840 1238 4907 quod
1263 4839 1497 4902 invasio,
1531 4846 1583 4891 et
1611 4853 1788 4907 pugna
1813 4854 2000 4892 eorum
2021 4840 2311 4895 adversum

742 4945 860 4993 vos,
887 4944 1011 4982 cum
1036 4944 1143 4983 non
1183 4928 1489 4991 terremiui,
1529 4929 1665 4982 nihil
1704 4930 1850 4982 aliud
1884 4930 1991 4983 illis
2033 4932 2314 4986 exhibebit

746 5031 841 5076 aut
865 5021 1199 5084 conciliabit,
1235 5037 1396 5091 quam
1449 5023 1726 5091 propriam
1757 5021 2137 5089 perditionem,
2160 5024 2316 5078 vobis

747 5124 925 5169 autem
959 5118 1076 5170 loco
1117 5115 1437 5169 nocumenti
1456 5115 1669 5168 dicetur
1698 5114 1892 5168 salutis
1931 5125 2311 5184 argumentum

745 5216 802 5263 et
838 5211 1055 5263 occasio
1086 5207 1429 5278 perfectioris
1465 5208 1703 5261 virtutis.
1759 5225 1779 5257 ι
1827 5207 2078 5264 ()stensio
2137 5211 2317 5279 perdi-

748 5301 976 5355 tionis.)
1016 5300 1146 5365 Quae
1198 5300 1440 5369 ipsorum
1490 5298 1701 5353 iuvasio
1768 5299 1872 5353 erit
1924 5300 2005 5354 eis
2053 5301 2314 5357 indicium

751 5392 1097 5460 perditionis,
1131 5392 1175 5445 si
1224 5407 1322 5445 vos
1369 5392 1527 5445 stetis
1564 5390 1940 5458 imperterriti.
1973 5391 2093 5458 Quo
2126 5395 2321 5449 modo?

749 5481 884 5535 Nam
917 5483 961 5536 si
997 5484 1158 5537 motis
1186 5483 1440 5538 omnibus
1474 5480 1649 5537 modis
1687 5481 2025 5547 insidiarum,
2055 5501 2165 5540 non
2197 5487 2319 5541 dico

754 5589 861 5627 non
906 5574 1204 5643 dcjererint
1239 5588 1355 5637 vos,
1392 5574 1485 5629 scd
1512 5588 1687 5644 neque
1722 5572 1777 5626 in
1819 5574 1929 5626 ullo
1959 5576 2315 5631 turbaverint:

755 5667 866 5737 78
896 5676 1232 5738 cognoscent
1281 5668 1426 5737 quod
1461 5683 1547 5720 res
1598 5677 1790 5720 vestra:
1826 5681 1969 5721 verte
2002 5680 2131 5724 sunt
2153 5686 2213 5725 ac
2239 5672 2319 5726 di-

755 5760 914 5825 vinae,
962 5767 1015 5813 ct
1062 5760 1293 5816 salutem
1333 5758 1688 5813 conciliantes
1720 5772 1732 5810 :
1767 5756 1983 5813 illorum
2017 5776 2139 5815 vero
2172 5765 2319 5820 falsa:

2405 3297 2626 3363 ἀγάπης
2678 3297 2773 3349 καὶ
2820 3298 3094 3365 ὁμονοίας.
3128 3316 3145 3349 ι
3174 3292 3297 3367 illiti
3321 3299 3489 3368 ψυχῇ.
3537 3317 3556 3349 ι
3592 3299 3861 3377 Τοσρῦτον
3920 3302 3994 3369 τῇ

2408 3389 2596 3458 ἀγάπῃ
2633 3388 3030 3457 συνδεδεμένοι,
3053 3389 3128 3450 ὡς
3163 3390 3291 3458 μίαν
3318 3391 3460 3460 ἔχειν
3484 3390 3768 3454 δοκοῦντες
3788 3391 3994 3462 ψυχὴν,

2409 3480 3004 3549 συναντιλαμϐάνεσθαι
3020 3481 3262 3552 ἀλλήλων
3280 3481 3349 3534 ’ἐν
3366 3485 3476 3544 τοῖς
3497 3483 3639 3552 ὑπὲρ
3669 3486 3764 3535 τοῦ
3798 3485 3994 3552 Εὔαγ-

2409 3572 2588 3639 γελίου
2624 3571 2807 3634 ἄθλοις
2838 3574 2934 3626 κει.)⁸
2958 3574 3155 3641 ἀγῶσι.
3190 3603 3259 3613 -
3294 3592 3311 3624 ι
3346 3575 3457 3626 Καὶ
3488 3575 3561 3643 μὴ
3601 3578 3991 3645 πτυρόμενοι.»

2412 3661 2614 3733 [ΦΩΤ.]
2648 3664 2722 3715 Οὐ
2746 3662 2909 3729 λέγω,
2942 3664 3098 3733 φησι,
3135 3664 3208 3732 μὴ
3254 3664 3710 3729 καταπίπτοντες,
3746 3668 3884 3721 ἀλλὰ
3918 3672 3997 3740 μὴ

2413 3757 2763 3822 πτυρόμενοι,
2810 3756 3083 3818 τουτέστι,
3129 3756 3519 3828 θορυϐούμενοι
3559 3761 3617 3812 ἐν
3652 3760 3862 3829 μηδενὶ,
3888 3763 3997 3815 κᾶν

2413 3845 2643 3900 θάνατον
2675 3848 2973 3901 ἁπειλῶσιν
3015 3851 3063 3901 οί
3108 3849 3493 3919 ἀντικείμενοι,
3526 3853 3630 3906 κᾶν
3659 3854 3998 3917 ὀνειδίζωσιν

2414 3939 2557 4005 ὑμᾶς
2580 3939 2645 3990 τὰ
2679 3939 2787 4007 ἐμὰ
2817 3939 3008 4009 δεσμά.
3046 3957 3063 3990 ι
3105 3940 3266 4002 "litt;
3298 3943 3483 4003 αὐτοῖς
3510 3944 3607 4012 μὲν
3626 3943 3792 3997 ἐστιν.
3827 3966 3846 3997 ι
3868 3947 3999 3999 Ἐὰν

2412 4024 2532 4099 ἦτε,
2559 4028 2714 4098 φησὶ,
2751 4032 2825 4099 μὴ
2849 4032 3182 4099 πτυρόμενοι
3213 4033 3317 4086 ὑπὸ
3360 4034 3471 4087 τῶν
3502 4038 3923 4103 ἀντικειμένων,
3960 4044 3995 4111 ἡ

2414 4120 2778 4185 ἐπανάστασις
2803 4123 2982 4175 αὐτῶν
3007 4125 3038 4192 ή
3073 4124 3196 4176 καθ’
3234 4126 3409 4195 ὑμῶν,
3434 4130 3778 4198 τραπήσεται
3812 4131 3999 4196 αὐτοῖς

2415 4214 2492 4277 εἰς
2526 4213 2748 4278 ἔνδειξιν
2780 4214 3075 4279 ἀπωλείας.
3128 4211 3275 4281 Οἴον,
3330 4219 3361 4288 ἢ
3417 4221 3496 4273 ὅτι
3552 4222 4001 4293 ἐπιδειχθήσεται

2413 4306 2597 4368 αὐτοῖς
2624 4307 2719 4359 καὶ
2755 4308 3198 4377 φανερωθήσεται
3218 4308 3305 4361 διὰ
3330 4311 3427 4377 τῆς
3451 4311 3602 4380 ὑμῶν
3631 4315 3997 4383 στερρότητος

2412 4400 2481 4452 τὰ
2501 4399 2596 4468 τῆς
2617 4398 2910 4461 ἀπωλείας,
2944 4400 3041 4452 καὶ
3058 4401 3457 4470 ἀποστήσονται
3488 4404 3594 4455 ἀπὸ
3622 4406 3719 4471 τῆς
3754 4408 3993 4473 ματαίας

2413 4493 2572 4562 δόξης
2606 4494 2698 4546 καὶ
2727 4493 2836 4545 τῶν
2871 4495 3318 4562 ἐπιτηδευμάτων
3352 4496 3553 4560 αὐτῶν,
3589 4496 3683 4548 καὶ
3710 4498 3773 4547 ἐκ
3799 4497 3995 4549 τούτου

2414 4582 2567 4635 ἔσται
2600 4583 2726 4652 ὑμῖν
2753 4584 2952 4653 μᾶλλον
2981 4584 3214 4648 πλοῦτος
3258 4586 3556 4655 σωτηρίας,
3587 4585 3659 4648 ὡς
3695 4585 3751 4636 δὲ
3782 4587 3996 4654 ἐτέρσις

2414 4673 2778 4744 προξενήσασι
2821 4677 3011 4743 φυγεῖν
3064 4674 3163 4744 τὴν
3224 4676 3525 4735 ἀπώλειαν,
3573 4674 3668 4726 καὶ
3722 4675 3992 4744 κερδῆσαι

2414 4766 2513 4835 τὴν
2541 4767 2833 4835 σωτηρίαν.
2874 4768 2944 4820 Ἦ
2979 4762 3073 4819 οὖν
3125 4766 3297 4830 οὕτως
3351 4767 3592 4833 νοητέον,
3628 4767 3659 4835 ἦ
3694 4766 4000 4819 ἁπλούστε-

2418 4876 2531 4926 ρον,
2563 4860 2645 4911 ὅτι
2675 4861 2706 4927 ἡ
2743 4859 3085 4929 ἐπιχείρησις
3116 4858 3297 4911 αὐτῶν
3345 4860 3437 4910 καὶ
3470 4860 3498 4910 ὁ
3529 4858 3766 4926 πόλεμος
3817 4858 4000 4910 αὐτῶν

2415 4949 2442 4999 ὁ
2471 4947 2592 4999 καθ’
2626 4946 2798 5016 ὑμῶν,
2844 4947 2997 5015 ὑμῶν
3046 4947 3118 5017 μὴ
3166 4948 3548 5018 πτυρομὲνων,
3594 4948 3827 5009 ἐκείνοις
3874 4948 3999 5015 μὲν,

2418 5038 2558 5108 πλὴν
2608 5040 2708 5107 τῆς
2773 5039 2907 5101 [δίας
2963 5039 3264 5102 ἀπωλείας,
3331 5040 3486 5092 οὐδὲν
3528 5039 3657 5092 ἄλλο
3699 5040 3997 5103 ἐνδείξεται

2416 5128 2539 5181 οὐδὲ
2577 5129 2921 5199 προξενήσει,
2957 5131 3085 5199 ὑμῖν
3141 5130 3197 5183 δὲ
3229 5131 3351 5183 ἀντὶ
3412 5130 3643 5199 βλάϐης.
3694 5132 3788 5184 καὶ
3826 5149 4003 5199 σωτη-

2423 5219 2543 5290 ρίας
2572 5220 2847 5284 ὑπόθεσις,
2876 5221 2969 5273 καὶ
3003 5222 3228 5291 ἀφορμὴ
3261 5222 3600 5290 τελειοτέρας
3628 5222 3834 5291 ἀρετῆς
3863 5238 4003 5291 χρη-

2424 5311 2662 5381 ματίσει.
2693 5330 2712 5362 ι
2762 5311 3030 5375 Ἔνδειξις
3062 5312 3361 5373 ἀπωλείας.
3404 5330 3423 5363 ι
3458 5301 3619 5374 "Bri;
3652 5313 4002 5382 ἐπιχείρησις

2420 5401 2622 5463 αὐτῶν,
2655 5402 2807 5455 ἔσται
2827 5404 3010 5466 αὐτοῖς
3040 5405 3235 5474 δεῖγμα
3262 5404 3557 5469 ἀπωλείας,
3582 5406 3630 5455 εἰ
3649 5403 3807 5474 ὑμεῖς
3840 5405 4001 5473 στῆτε

2423 5493 2703 5564 ἀθόρυϐοι.
2736 5513 2754 5545 ι
2800 5496 2924 5558 Πῶς
2953 5512 2966 5560 ;
3001 5498 3060 5548 Εἰ
3090 5497 3199 5566 γὰρ
3232 5497 3410 5550 πάντα
3457 5497 3658 5565 τρόπον
3706 5495 4001 5564 ἐπιϐουλῆς

2424 5588 2769 5656 κινήσαντες,
2806 5589 2865 5640 οὐ
2919 5588 3066 5655 λέγω
3103 5588 3177 5659 μὴ
3233 5590 3635 5652 καταϐάλωσιν,
3679 5588 3819 5641 ἀλλὰ
3865 5590 4001 5658 μήτε

2424 5681 2796 5751 θορυϐήσωσιν
2828 5684 2989 5751 ὑμᾶς,
3019 5682 3320 5750 γνώσονται.
3351 5684 3431 5735 ὅτι
3464 5682 3640 5751 ἀληθῆ
3671 5683 3767 5734 καὶ
3788 5683 3912 5735 θεῖα
3934 5682 4001 5733 τὰ

2427 5773 2602 5843 ἡμῶν,
2642 5776 2735 5827 καὶ
2761 5775 3033 5847 σωτηρίας
3068 5776 3321 5847 ιτρόξενα,
3361 5775 3527 5844 gas-6?;
3563 5775 3618 5828 δὲ
3653 5775 3721 5827 τὰ
3753 5776 4000 5837 ἐκεὲνων,
