4216 6450
755 375 891 438 1Ξ79

1833 373 2229 436 CECUMENII
2259 371 2552 431 TRICCE
2592 374 2927 434 EPISCOPI

3853 368 4000 433 1280

746 493 892 564 quod
915 507 1021 547 non
1056 491 1251 547 dixerit
1281 511 1293 545 :
1328 491 1569 561 Quisque
1604 507 1659 546 se
1680 493 1938 563 majorem
1979 511 1991 542 :
2027 492 2122 545 sed
2170 489 2314 560 quod

2420 490 2645 555 ἕκαστος
2680 493 2860 560 ἀφεὶς,
2896 491 2990 544 τοῦ
3024 490 3398 562 συμφέροντος
3451 492 3666 559 γενηται
3692 490 3786 543 τοῦ
3830 492 3998 543 ἀδελ-

745 585 869 654 plus
896 593 1000 648 est,
1040 583 1500 637 Praestantiorem.
1534 605 1551 634 ι
1587 584 1663 637 Ne
1695 599 1792 636 sua
1831 585 2085 652 quisque.
2121 601 2136 633 ι
2176 583 2311 635 Cum

746 675 892 728 enim
921 675 1172 740 quisque,
1211 675 1430 743 propria
1481 676 1714 727 utilitate
1758 675 1971 733 relicta,
2014 675 2079 727 ad
2131 673 2314 726 fratris

751 761 1036 816 utilitatem
1063 775 1183 813 sese
1200 761 1719 825 accommodaverit,
1743 771 1799 813 ut
1828 771 1882 814 tu
1902 762 2115 829 quidem
2141 774 2312 812 meam

752 853 1036 906 utilitatem
1059 861 1292 921 spectes,
1315 868 1413 920 ego
1454 868 1579 906 vero
1638 865 1807 916 tuam,
1851 849 2165 920 hujusmodi
2201 850 2312 918 jam

749 958 857 995 non
908 944 1164 1004 humana,
1197 943 1288 994 sed
1313 944 1554 1010 angelica
1591 944 1696 996 vita
1726 952 1829 995 est.

818 1036 884 1100 ll,
927 1037 1044 1089 5-8.
1083 1034 1136 1087 Is
1171 1039 1308 1095 enim
1346 1039 1562 1104 affectus
1605 1039 1671 1090 sit
1723 1039 1774 1089 in
1807 1037 1974 1099 vobis,
2004 1041 2089 1106 qui
2137 1037 2234 1100 {uit
2269 1046 2318 1088 et

751 1129 804 1179 in
845 1127 1054 1179 Christo
1085 1125 1255 1180 Jesu:
1290 1129 1378 1196 qui
1419 1145 1537 1179 tum
1584 1129 1639 1178 in
1687 1128 1859 1194 forma
1893 1127 1990 1180 Dei
2020 1137 2175 1188 esset,
2216 1143 2319 1179 non

753 1220 994 1285 rapinam
1043 1221 1332 1272 arbitratus
1385 1227 1460 1271 est
1512 1231 1568 1271 ut
1604 1223 1824 1287 mqualis
1864 1231 1991 1271 esset
2035 1219 2143 1270 Deo
2181 1235 2198 1270 :
2232 1217 2318 1270 sed

751 1311 980 1376 seipsum
1019 1311 1327 1372 rxinanivit,
1357 1311 1529 1378 forma
1563 1311 1696 1365 servi
1742 1320 1950 1378 sumpta
1998 1311 2048 1362 in
2081 1312 2320 1363 similitu-

750 1403 872 1453 dine
926 1401 1192 1452 hominum
1251 1404 1592 1464 constitutus,
1640 1412 1689 1456 et
1746 1402 1917 1468 {arma
1977 1412 2208 1469 repertus
2264 1411 2320 1454 ut

749 1496 936 1553 homo,
969 1493 1269 1544 ltumiliavit
1316 1495 1656 1560 semeIipsum
1687 1494 1863 1562 factus
1890 1492 2130 1546 obediens
2162 1510 2322 1561 usque

753 1584 822 1634 ad
857 1594 1096 1643 mortem,
1131 1596 1346 1638 mortem
1370 1597 1541 1637 autem
1580 1588 1722 1636 cruci

830 1675 902 1726 De
933 1677 1096 1728 animi
1129 1677 1400 1729 modestia
1419 1692 1723 1730 sermonem
1760 1677 2004 1730 facturus
2040 1684 2142 1731 est.
2177 1676 2319 1742 Quid

753 1766 897 1818 enim
946 1765 998 1816 in
1030 1764 1246 1818 Christo
1275 1773 1327 1818 et
1372 1781 1468 1833 per
1492 1767 1764 1820 Christum
1801 1767 2028 1822 affectus
2059 1769 2316 1833 sumitur,

753 1855 860 1908 nisi
897 1863 1139 1906 extrema
1173 1854 1432 1910 modestia
1487 1867 1540 1909 et
1587 1858 1750 1910 animi
1801 1858 2116 1912 humilitas?
2149 1858 2322 1912 Vultis

757 1959 918 1999 nosse
961 1946 1105 2014 quod
1150 1948 1316 1998 animi
1363 1948 1626 2000 modestia
1663 1949 1796 2001 nihil
1829 1951 1981 2003 vobis
2013 1959 2192 2015 nocet,
2228 1967 2325 2004 ne-

757 2050 865 2103 que
900 2035 1097 2089 damno
1129 2037 1310 2098 aﬁicit,
1336 2053 1508 2105 neque
1533 2038 1788 2106 deprimit
1824 2040 2158 2093 accidentem
2190 2042 2322 2112 sub-

762 2127 1046 2179 limitatem
1076 2166 1089 2190 ,
1137 2128 1244 2180 imo
1296 2131 1474 2197 potius
1522 2130 1642 2199 ejus
1695 2131 1921 2184 eﬂicilur
1964 2134 2206 2186 ostensio
2262 2148 2326 2186 ac

757 2216 1487 2284 detnoustratio‘IChristum,
1510 2222 1707 2290 inquit,
1723 2222 2084 2276 considerate.
2103 2222 2328 2276 Maxime

755 2309 898 2361 enim
940 2309 992 2360 in
1037 2309 1138 2363 hoc
1180 2311 1491 2364 ostenditur
1525 2313 1667 2380 quod
1719 2323 1915 2366 natura
1964 2315 2106 2369 Deus
2157 2317 2229 2368 sit
2261 2331 2326 2368 ex

760 2400 864 2450 hoc
887 2400 1031 2466 quod
1070 2416 1190 2454 sese
1240 2401 1605 2456 demiseritae
1639 2405 2030 2458 humanitatem
2071 2415 2326 2475 gestave-

759 2486 849 2536 rit.
881 2483 999 2538 Non
1049 2496 1164 2540 erat
1194 2489 1337 2541 enim
1362 2491 1505 2556 quod
1550 2507 1614 2543 ex
1649 2490 1748 2544 hac
1781 2492 2159 2546 humiliatione
2192 2493 2329 2546 nihtl

690 2643 693 2645 _
759 2579 1066 2630 detrimenti
1094 2580 1393 2648 susciperet
1420 2582 1531 2651 80
1568 2599 1630 2636 ex
1658 2594 1848 2636 natura
1875 2585 1976 2639 sibi
2001 2587 2330 2640 conveniens

762 2668 1067 2724 divinitatis
1145 2671 1476 2726 sublimitas.
1553 2672 1607 2725 Si
1668 2689 1797 2730 vero
1855 2676 1994 2729 hanc
2064 2676 2328 2730 factitiam

762 2761 1067 2823 habuisset,
1115 2763 1389 2817 timuisset
1421 2765 1606 2833 utique
1641 2767 1879 2835 seipsum
1913 2767 2222 2828 humiliare,
2266 2780 2331 2819 ne

761 2864 792 2903 ε
823 2851 1083 2919 dignitate
1113 2854 1333 2907 vixdum
1366 2856 1468 2908 sibi
1505 2857 1776 2924 acquisita
1806 2859 2099 2911 excideret.
2136 2856 2327 2909 Humi-

764 2942 890 2994 litas
919 2958 1047 3010 ergo
1068 2943 1457 2999 demonstratio
1502 2946 1604 2999 fuit
1637 2948 1991 3001 sublimitatis
2033 2948 2331 3001 divinitatis

763 3033 902 3098 ejus,
929 3047 1049 3100 quae
1084 3049 1147 3104 ex
1180 3044 1375 3088 natura
1405 3037 1508 3103 ipsi
1537 3037 1911 3090 conveniebat.
1935 3037 1990 3089 Si
2015 3037 2138 3105 quis
2169 3038 2332 3104 igitur

2422 579 2548 646 φοῦ,
2582 582 2660 644 ὡς
2691 583 2748 634 σὲ
2786 583 2882 646 μὲν
2915 582 2976 632 τὸ
3031 581 3163 650 ἐμὸν
3204 580 3479 650 συμφέρον
3526 582 3767 643 σκοπεῖν,
3797 577 3898 647 ἐμὲ
3932 579 3995 629 δὲ

2419 672 2479 723 τὸ
2509 673 2619 738 σὺν,
2639 677 2664 726 ὁ
2688 673 2922 735 τοιοῦτος
2946 673 3045 726 οὐκ
3067 672 3145 725 ἔτι
3171 670 3532 740 ἀνθρώπινος,
3553 670 3668 724 ἀλλ’
3695 668 3994 738 ἀγγελικὸς

2423 765 2556 832 βίος.

2495 1033 2671 1086 Τοῦτο
2702 1031 2809 1099 γὰρ
2825 1031 3155 1098 sopore/cam
3178 1031 3244 1081 ἐν
3264 1031 3422 1098 ὑμῖν,
3454 1030 3485 1083 ὁ
3533 1031 3626 1082 καὶ
3659 1031 3728 1082 ἐν
3756 1029 3994 1096 Χριστῷ

2431 1125 2642 1190 Ἰησοῦ,
2663 1125 2729 1188 ὃς
2750 1123 3035 1192 ὲι-μορρῆ
3052 1124 3197 1177 Θεοῦ
3218 1123 3518 1191 ὑπάρχων,
3539 1125 3650 1189 οὺχ
3667 1124 3992 1190 ἀρπατμῗν·

2419 1219 2694 1286 ἡγήσατο
2718 1215 2866 1269 εἶναι
2888 1218 2992 1269 ἴσα
3017 1215 3156 1279 Θεῷ.
3181 1217 3318 1268 ἀλλ’
3335 1216 3554 1268 ἑαυτὸν
3575 1215 3836 1268 ἐκένιιισε
3853 1231 3997 1283 μορ-

2419 1310 2545 1377 φὴν
2577 1309 2800 1361 δούλου
2846 1310 3067 1367 λαϐὼν,
3100 1307 3169 1359 ἐν
3195 1305 3512 1373 ὁμοιώματι
3545 1307 3872 1373 ἀνθρώπων
3899 1323 3996 1374 γει

2419 1401 2690 1464 νόμενος,
2731 1401 2830 1452 καὶ
2893 1399 3154 1467 σχήματι
3208 1400 3468 1464 εὑρεθεὶς
3523 1399 3604 1463 ὡς
3657 1397 3993 1465 ἄνθρωπος.

2420 1492 2822 1543 ἐταπείνωσεν
2874 1491 3112 1554 ἑαυτὸν,
3149 1491 3467 1559 γενόμενος
3512 1490 3779 1557 ὑπήκοος
3819 1491 3996 1557 μέχρι

2423 1582 2702 1645 θανάτου,
2749 1583 3008 1634 θανάτου
3032 1583 3098 1633 δὲ
3119 1583 3403 1647 σταυροῦ.

2493 1675 2625 1744 Περὶ
2670 1673 3176 1743 ταπεινοφροσύνης
3227 1673 3616 1741 διαλαμϐάνειν
3673 1675 3877 1742 μέλλει.
3929 1675 3996 1725 ΤΞ

2425 1765 2534 1834 γὰρ
2574 1767 2632 1817 ὲν
2664 1766 2883 1835 Χριστῷ
2914 1768 3006 1817 καὶ
3040 1766 3125 1818 διὰ
3152 1765 3384 1834 Χριστοῦ
3410 1765 3717 1834 ἐφρονήθη;
3753 1767 3816 1817 Ἢ
3850 1767 3995 1830 ἄκρα

2427 1857 2894 1924 ταπεινοφροσύνῃ
2923 1874 2934 1918 ;
2972 1886 3040 1895 -
3073 1857 3271 1928 [ΦΩ’1“.]
3305 1856 3565 1909 Βούλεσθε
3598 1856 3796 1909 εἰδέναι
3846 1859 3929 1908 ὅτι
3965 1859 3998 1922 ἡ

2427 1946 2890 2015 ταπεινοφροσύνη
2924 1947 3074 1998 οὐδὲν
3135 1949 3277 2015 ὑμᾶς
3328 1948 3574 2015 βλάπτει,
3633 1948 3751 2000 οὐδὲ
3783 1947 3998 2013 ζημιοῖ,

2376 2086 2380 2090 .
2426 2037 2544 2087 οὐδὲ
2578 2036 2935 2098 καταϐιϐάζει
2959 2036 3054 2086 τοῦ
3095 2036 3387 2105 προσόντος
3412 2035 3600 2101 ὕψους,
3633 2034 3767 2086 ἀλλὰ
3797 2034 4002 2102 μᾶλλον

2427 2128 2698 2192 ἀπόδειξις
2733 2129 2868 2198 αὑτὴ
2898 2129 3144 2196 γίνεταις
3173 2127 3275 2179 Τὸν
3308 2128 3561 2195 Χριστὸν,
3595 2127 3779 2196 φησιν,
3813 2127 4004 2193 ἐννοή-

2431 2236 2580 2272 σατε.
2609 2219 2858 2272 Μάλιστα
2923 2219 3030 2286 γὰρ
3077 2221 3132 2269 ἐν
3160 2216 3333 2286 τούτῳ
3380 2218 3652 2269 δείκνυται
3679 2215 3839 2282 φύσει
3864 2215 4005 2276 Θεὸς

2429 2305 2587 2371 εἶναι,
2609 2313 2665 2361 ὲν
2689 2309 2763 2378 τῷ
2789 2309 3191 2375 ταπεινωθῆναι
3212 2309 3306 2359 καὶ
3326 2308 3554 2376 φορέσαι
3575 2308 3663 2358 τὸν
3685 2308 4002 2375 ἄνθρωπον.

2433 2400 2584 2470 ’ῌδει
2645 2398 2752 2469 γὰρ
2792 2399 2867 2462 ὡς
2923 2402 2987 2453 ὲκ
3017 2399 3217 2468 ταύτης
3247 2399 3344 2468 τῆς
3395 2397 3796 2458 ταπεινώσεως,
3840 2398 4006 2449 οὐδὲν

2431 2489 2839 2559 ζημιωθήσεται
2886 2491 2978 2543 τοῦ
3016 2492 3307 2560 προσόντος
3338 2489 3488 2557 αύτῷ
3519 2490 3658 2541 κατὰ
3694 2489 3854 2556 φύσιν
3903 2490 4008 2556 τῆς

2433 2579 2682 2649 θεότητος
2731 2581 2916 2650 ὕψους.
2948 2583 3008 2634 Ei
3042 2582 3097 2633 δὲ
3142 2581 3346 2652 ταύτην
3380 2580 3668 2650 ἐπίκτητον
3697 2577 3865 2649 εἶχεν,
3892 2581 4013 2631 ἐδε-

2431 2673 2599 2726 δοίκει
2632 2674 2695 2727 ἂν
2719 2676 2911 2726 ἑαυτὸν
2966 2675 3325 2736 ταπεινῶσαι,
3384 2674 3470 2726 ἵνα
3522 2674 3594 2742 μὴ
3655 2672 3864 2741 ἐκπέσῃ
3907 2671 4009 2722 τοῦ

2435 2762 2585 2830 μόλις
2611 2762 2761 2830 αὐτῷ
2795 2764 3180 2833 ἑπικτηθέντος
3208 2764 3534 2830 ἀξιώματος.
3584 2759 3882 2823 Ἀπόδειξις
3911 2760 4009 2812 οὖν

2429 2854 2462 2921 ή
2492 2853 2840 2916 ταπείνωσις,
2867 2855 2958 2906 τοῦ
2983 2854 3121 2906 κατὰ
3163 2854 3325 2922 φύσιν
3352 2853 3521 2922 ὕψους
3560 2852 3724 2904 αὑτοῦ
3754 2853 3855 2919 τῆς
3885 2853 4013 2904 0εὸ-

2431 2961 2610 3011 τητος.
2636 2945 2705 2996 Εἴ
2741 2961 2825 3007 τις
2878 2941 2972 2998 οὖν
3012 2946 3216 3014 ὑψηλὸς
3264 2947 3385 2998 κατ’
3426 2944 3624 3013 ἀρετὴν
3691 2945 3785 2995 καὶ
3835 2945 4014 3013 μέγας

2433 3037 2640 3103 ἐφίεται
2667 3035 2826 3100 εἶναι,
2881 3037 3411 3106 ταπεινοφρονείτω,
3467 3037 3498 3104 ή
3536 3037 3644 3104 γὰρ
3678 3036 4015 3097 ταπείνωσίς

761 3123 964 3176 virtute
1002 3126 1250 3180 excelsus
1301 3141 1363 3179 ac
1420 3141 1650 3195 magnus
1693 3128 1842 3194 cupit
1889 3143 2030 3192 esse,
2083 3127 2329 3180 humiliet

2434 3128 2580 3179 ἐστιν
2631 3131 2664 3196 ὴ
2724 3129 3042 3180 δεικνύουσα
3086 3130 3178 3179 καὶ
3238 3126 3593 3197 μαρτυροῦσα
3633 3126 3694 3177 τὸ
3747 3128 3879 3193 ὖψος
3907 3129 4014 3193 τῆς

763 3227 886 3265 sese
924 3232 936 3265 :
977 3213 1254 3268 humilitas
1295 3217 1436 3267 enim
1467 3227 1550 3269 est
1580 3232 1700 3284 quae
1734 3218 1971 3270 ostendit
2009 3232 2070 3269 ac
2101 3227 2332 3272 testatur

762 3301 984 3357 virtutis
1032 3304 1479 3359 sublimitatem:
1537 3309 1779 3360 imitetur
1840 3311 2142 3374 Christum,
2198 3312 2332 3364 nihil

764 3392 950 3456 perdet
981 3393 1072 3460 qui
1107 3409 1163 3446 se
1212 3395 1480 3460 humiliat,
1524 3397 1700 3464 majus
1732 3407 1908 3451 autem
1942 3415 2133 3467 magna
2168 3402 2333 3453 lucri-

767 3479 947 3532 faciet.
978 3481 1077 3545 Qui
1111 3483 1314 3537 virtute
1339 3501 1541 3554 pauper
1564 3497 1665 3550 est,
1697 3504 1803 3542 non
1835 3497 2010 3557 potest
2035 3491 2328 3543 hnmiliari:

766 3573 1149 3623 verettnacnim
1190 3589 1255 3626 ne
1287 3575 1501 3626 excidat
1533 3591 1560 3626 a
1596 3576 1780 3629 ﬁctilia
1821 3588 1874 3630 et
1914 3578 2168 3632 simulata
2198 3595 2258 3631 su
2277 3579 2336 3631 b-

771 3660 1020 3713 liinitate.
1057 3662 1159 3725 Qui
1203 3663 1354 3717 dives
1403 3676 1455 3718 et
1495 3667 1742 3719 excelsus
1787 3676 1869 3720 est
1904 3669 2123 3732 virtute,
2155 3671 2334 3722 humi-

768 3750 856 3801 liet
885 3767 941 3804 se
970 3769 982 3803 :
1015 3767 1136 3802 nam
1191 3752 1245 3806 in
1291 3754 1392 3807 hoc
1433 3757 1603 3824 magis
1646 3759 1884 3825 seipsum
1935 3759 2170 3811 Ostendit
2226 3774 2334 3827 quo

767 3856 892 3892 vere
926 3844 997 3893 sit
1030 3845 1298 3907 excelsus,
1331 3846 1458 3912 quia
1489 3861 1595 3898 non
1632 3849 1810 3898 timuit
1839 3847 2113 3900 humiliari
2153 3858 2202 3901 et
2238 3863 2335 3900 no-

768 3932 844 3982 vit
873 3932 1015 3998 quod
1047 3933 1236 3987 ﬁrmus
1263 3935 1349 3987 sit.
1383 3954 1399 3984 ι
1434 3936 1537 4000 Qui
1566 3952 1689 3989 eum
1715 3938 1768 3990 in
1799 3937 1970 3991 forma
1999 3939 2089 3990 Dei
2121 3952 2280 3993 esset.
2311 3960 2328 3991 ι

770 4022 1152 4077 Animadverte
1189 4027 1460 4092 quomodo
1491 4042 1553 4079 ex
1589 4028 1674 4080 his
1712 4029 1899 4096 paucis
1953 4029 2129 4082 verbis
2164 4030 2335 4096 Spiri-

772 4123 858 4166 tus
911 4127 1101 4167 ontnes
1135 4125 1450 4168 evertantttr
1481 4117 1736 4171 limrescs.
1791 4120 2034 4170 Primum
2069 4119 2334 4186 siquidem

770 4204 988 4258 dicens:
1024 4205 1156 4258 Cum
1184 4217 1347 4270 esset,
1376 4216 1702 4260 coaeternum
1735 4208 1881 4260 Patri
1911 4208 2257 4276 signiﬁcavit,
2285 4219 2337 4262 et

769 4296 957 4347 Arium
989 4297 1216 4363 dejecit:
1249 4297 1443 4353 deinde
1470 4299 1631 4351 etiam
1659 4300 1986 4354 Mareionem
2020 4300 2330 4356 Ponticum.

773 4385 829 4437 Si
865 4386 1007 4439 enim
1039 4388 1090 4439 in
1123 4386 1294 4442 forma
1327 4389 1418 4442 Dei
1455 4399 1595 4455 erat,
1629 4392 1903 4457 quomodo
1939 4399 1993 4443 tu
2025 4392 2160 4444 dicis
2189 4391 2333 4461 quod

2435 3215 2654 3283 ἀρετῆς.
2689 3217 2973 3284 Μιμείσθω
3011 3217 3100 3267 τὸν
3144 3216 3401 3284 Χριστὸν,
3435 3215 3590 3267 οὐδὲν
3619 3217 3875 3268 ἀπολέσει
3913 3234 4015 3268 τα-

2435 3305 2805 3373 πεινούμενος,
2840 3307 3045 3374 μᾶλλον
3085 3307 3140 3358 δὲ
3176 3309 3388 3374 μεγάλα
3421 3307 3688 3377 κερδανεῖ.
3746 3307 3804 3358 '0
3836 3309 4015 3376 πένης

2434 3396 2530 3463 τὴν
2553 3396 2768 3465 ἀρετὴν,
2799 3398 2858 3447 ού
2913 3396 3135 3449 δύναται
3165 3397 3560 3464 ταπεινωθῆναι
3583 3413 3597 3426 ·
3637 3399 3880 3464 φοϐεῖται
3904 3402 4015 3469 γὰρ

2441 3487 2513 3552 μὴ
2545 3488 2756 3556 ἐκπέσῃ
2806 3487 2899 3538 τοῦ
2940 3488 3274 3539 ὲπιπλάστου
3296 3489 3389 3540 καὶ
3413 3506 3544 3540 κατε
3558 3505 3661 3556 σχη
3675 3491 4014 3556 ματισμένεύ

2439 3575 2626 3642 ὕψους.
2677 3575 2733 3626 Ὀ
2771 3575 3021 3637 πλούσιος
3062 3577 3154 3627 καὶ
3193 3575 3392 3644 ὑψηλὸς
3435 3577 3532 3642 τὴν
3561 3577 3781 3644 ἀρετὴν,
3814 3595 4016 3629 ταπει-

2436 3662 2663 3713 νούσθω.
2701 3663 2789 3713 Ἐν
2840 3661 3014 3731 τούτῳ
3068 3664 3176 3732 γὰρ
3207 3663 3405 3731 μᾶλλον
3444 3664 3634 3716 ἑαυτὸν
3665 3665 3906 3717 δείκνυσι
3937 3669 4014 3728 ὡς

2439 3752 2652 3818 ἀληθῶς
2709 3751 2934 3818 ὑψηλὸν,
2986 3754 3066 3804 ὅτι
3124 3755 3184 3804 ού
3219 3754 3422 3806 δέδοικε
3457 3756 3882 3823 ταπεινωθῆναι,
3919 3760 4016 3808 καὶ

2437 3837 2577 3894 οἶδεν
2604 3842 2990 3910 ὃτιῆδρασται.
3034 3861 3052 3892 ι
3109 3843 3192 3904 Ὠς
3226 3845 3282 3894 ἐν
3317 3846 3494 3912 μορφῇ
3532 3843 3663 3907 Θεοῦ
3691 3847 4011 3914 ὑπάρχων.»

2440 3932 2580 4001 Ὅρα
2613 3932 2727 3994 πῶς
2753 3936 2815 3984 ἐκ
2844 3932 2951 3985 τῶν
2981 3933 3175 4000 ὀλίγων
3204 3934 3412 3986 τούτων
3434 3937 3694 4003 ῥημάτων
3725 3938 3818 3988 τοῦ
3843 3938 4014 3989 Πνεύ-

2444 4040 2636 4091 ματος,
2667 4025 2836 4076 πᾶσαι
2871 4024 3227 4077 καταλύονται
3255 4029 3309 4076 αἱ
3346 4028 3606 4094 αἱρέσεις.
3653 4028 3878 4096 Πρῶτον
3915 4030 4015 4096 μὲν

2439 4113 2566 4183 γὰρ,
2611 4115 2901 4183 ’Υπάρχων
2931 4115 3121 4177 εἰπὼν,
3161 4115 3221 4167 τδ
3250 4117 3512 4168 συναῖδιον
3552 4118 3628 4185 τῷ
3665 4120 3835 4188 Πατρὶ
3860 4120 4016 4190 δεδή-

2441 4203 2602 4263 λωκε,
2638 4205 2732 4256 καὶ
2757 4205 3159 4271 καταϐέὶληκεν
3186 4206 3421 4275 Ἀρειον,
3454 4200 3572 4257 εἶτα
3596 4207 3684 4256 καὶ
3714 4207 4018 4274 Nupsitqu

2438 4294 2530 4346 τὸν
2580 4297 2860 4348 Ποντικόν.
2915 4295 2978 4346 Et
3022 4295 3131 4362 γὰρ
3175 4290 3241 4363 ἦν
3291 4295 3349 4345 ὲν
3384 4296 3562 4362 μορφῇ
3595 4293 3752 4354 Θεοῦ,
3797 4295 3915 4355 πῶς
3950 4298 4014 4347 σὺ

2443 4384 2621 4452 λέγεις
2649 4388 2729 4438 ὅτι
2769 4386 2874 4437 ἀπὸ
2899 4386 3116 4454 Μαρίας
3137 4387 3377 4453 ἡρΞατος
3409 4386 3510 4437 Σὺν
3541 4386 3711 4452 τούτῳ
3742 4386 3836 4436 καὶ
3869 4387 4017 4438 Παῦ-

771 4491 798 4526 a
840 4475 1008 4528 Maria
1034 4493 1153 4530 esse
1184 4480 1444 4546 carpet-it?
1468 4480 1597 4532 Cum
1625 4480 1726 4532 hoc
1753 4489 1806 4532 et
1838 4478 2038 4534 Paulus
2075 4480 2330 4534 Samosa-

2440 4477 2528 4537 λος
2559 4478 2586 4527 ὁ
2620 4476 2966 4542 Σαμοσατεὺς
3022 4475 3375 4538 καταλύεται,
3429 4475 3484 4536 ὃς
3524 4476 3624 4543 ἔφη
3661 4476 3814 4540 ψιλὸν
3872 4473 4015 4528 εἶναι

771 4566 940 4618 tensis
988 4567 1248 4618 evertitur
1283 4569 1372 4636 qui
1420 4566 1707 4621 Dominum
1756 4571 2036 4623 asserebat
2077 4586 2337 4625 essemu-

770 4651 897 4704 dnin
927 4654 1195 4707 hominem
1223 4655 1513 4708 formatum
1554 4671 1583 4708 a
1616 4656 1743 4709 Deo.
1785 4658 1993 4711 Etenim
2038 4662 2334 4728 poterimus

774 4745 874 4812 ipsi
905 4746 1085 4798 dicere
1115 4763 1127 4798 :
1160 4748 1624 4811 Quemadmodum
1652 4748 1820 4800 forma
1845 4752 2005 4813 servi,
2035 4763 2223 4804 natura
2253 4763 2335 4806 est

772 4837 991 4888 serviet
1021 4852 1123 4888 non
1157 4837 1364 4890 factura
1395 4840 1474 4891 vel
1504 4855 1661 4907 opus,
1699 4841 1764 4893 ita
1803 4849 1854 4894 et
1893 4841 2064 4894 forma
2105 4843 2196 4898 Dei
2240 4860 2336 4897 na-

775 4938 896 4979 tura
937 4927 1029 4980 Dei
1056 4937 1137 4981 est
1173 4939 1224 4982 et
1254 4945 1360 4982 non
1405 4929 1649 4984 effectus.
1699 4932 1944 4987 Nestoris
1984 4950 2199 5003 quoque
2243 4936 2336 5004 qui

772 5021 958 5072 eadem
983 5021 1148 5074 sentit
1179 5022 1337 5073 simul
1367 5023 1652 5076 evertitur.
1685 5023 1816 5074 Cum
1861 5024 1943 5077 his
1973 5034 2026 5076 et
2053 5025 2337 5081 Marcellus

774 5111 992 5165 Galates
1036 5120 1089 5165 et
1146 5114 1491 5180 Sophronius
1539 5131 1600 5166 ac
1654 5114 1916 5168 Photinus
1967 5117 2144 5170 eversi
2186 5125 2333 5172 sunt.

779 5203 909 5255 Vide
943 5213 1120 5257 autem
1157 5213 1211 5257 et
1240 5206 1615 5258 concidentem
1647 5205 1938 5260 Sahellium
1991 5227 2008 5258 ι
2049 5207 2163 5261 Νοιι
2199 5210 2337 5278 rapi-

775 5306 922 5352 nam,
961 5291 1155 5360 inquit.
1188 5294 1480 5347 arbitratus
1516 5304 1596 5347 est
1629 5303 1687 5347 ut
1717 5297 1941 5364 arqualis
1970 5307 2112 5351 esset
2144 5298 2270 5352 Deo.
2315 5318 2332 5350 ι

778 5379 1087 5450 Ᾱῑῖιιιιειιίιιιε
1122 5384 1263 5436 enim
1305 5384 1370 5437 de
1412 5401 1518 5436 una
1558 5402 1789 5454 persona
1841 5404 1944 5440 non
1980 5387 2198 5454 dicitur,
2246 5390 2338 5442 sed

777 5473 844 5526 de
890 5474 1099 5528 duabus
1152 5483 1242 5527 aut
1289 5476 1558 5543 pluribus.
1595 5478 1876 5542 Quomodo
1928 5495 2056 5549 ergo
2094 5488 2152 5532 tu
2194 5483 2337 5533 nuda

779 5559 918 5613 dicis
953 5577 1074 5614 esse
1104 5566 1321 5615 nomina
1366 5561 1539 5618 Patris
1574 5572 1627 5616 et
1661 5563 1782 5616 Filii
1808 5581 1868 5618 ac
1899 5566 2134 5635 Spiritus
2165 5570 2338 5622 sancti

781 5667 900 5718 quae
933 5653 996 5705 de
1026 5669 1129 5706 una
1171 5655 1424 5707 dicuntur
1469 5657 1738 5724 persona?
1773 5655 1904 5709 V'ide
1944 5673 2158 5711 rursum
2195 5660 2338 5713 feriri

780 5743 987 5797 Arium.
1017 5743 1146 5797 Nam
1191 5747 1484 5816 poterimus
1515 5748 1613 5816 ipsi
1655 5750 1831 5801 dicere
1867 5766 1878 5800 :
1912 5749 2049 5812 Quid
2093 5751 2190 5804 sibi
2229 5753 2338 5809 vult

2440 4564 2530 4616 τὸν
2562 4563 2765 4634 Κύριον
2800 4563 3105 4631 ἄνθρωπον,
3158 4563 3548 4632 ἐνεργούμενον
3574 4563 3676 4615 ὑπὸ
3717 4563 3871 4615 Θεοῦ.
3903 4567 4016 4618 Καὶ

2438 4655 2546 4723 γὰρ
2578 4656 2824 4722 εἴποιμεν
2856 4655 2990 4724 πρὸς·
3048 4655 3208 4706 αὐτόν
3239 4671 3251 4683 ο
3282 4655 3548 4725 Ὠσπερὴ
3586 4655 3767 4724 μορςρὴ
3799 4656 4016 4718 δούλου,

2439 4749 2600 4816 φύσις
2645 4749 2849 4813 δούλου,
2915 4749 3027 4801 ἀλλ’
3064 4750 3162 4800 οὐκ
3223 4750 3478 4814 ἐνέργειά
3535 4750 3673 4808 ἐστι,
3735 4748 3880 4800 οὕτω
3925 4753 4016 4800 καὶ

2443 4839 2620 4906 μορφὴ
2679 4839 2810 4890 Θεοῦ
2865 4837 3022 4905 φύσις
3076 4837 3232 4902 Θεοῦ,
3277 4836 3392 4888 ἀλλ’
3437 4837 3543 4888 ούκ
3585 4837 3834 4904 ἐνέργειά
3875 4841 4012 4889 ἐστι.

2441 4931 2550 4983 Καὶ
2580 4931 2870 4999 Νεστόριος
2896 4931 2962 4982 τὰ
2994 4932 3129 4982 αὐτὰ
3158 4931 3392 4998 φρονῶν,
3427 4928 3880 4996 συγκαταλύεται.
3914 4930 4016 4981 Σὺν

2439 5021 2649 5083 τούτοις
2677 5024 2774 5074 καὶ
2788 5021 3104 5089 Μάρκελλος
3124 5025 3151 5073 ὁ
3175 5021 3441 5090 Γαλάτης,
3474 5022 3566 5072 καὶ
3585 5020 3894 5086 Σωςορὸνιος
3925 5023 4016 5071 καὶ

2442 5114 2709 5173 Φωτεινὸς
2757 5114 3161 5180 ἀνετράπησαν.
3191 5113 3333 5181 Ὅρα
3382 5111 3436 5163 δὲ
3473 5111 3565 5162 καὶ
3601 5109 3892 5161 Σαϐελλιον
3926 5111 4016 5160 πί-

2441 5220 2660 5255 πτοντα.
2695 5221 2712 5252 ι
2735 5204 2846 5272 Οὐχ
2874 5203 3189 5272 ἁρπαγμὸν,
3215 5203 3402 5270 φησιν,
3545 5218 3671 5252 σατο
3689 5202 3746 5253 τὺ
3772 5197 3912 5252 εἶναι
3929 5204 4015 5253 ἶσα

2441 5293 2610 5360 Θεῷ.»
2639 5294 2784 5368 Ἴσον
2813 5293 2940 5360 γὰρ,
2967 5295 3057 5344 ἐπὶ
3085 5293 3199 5353 ἐνὸς
3223 5293 3281 5344 ού
3311 5292 3525 5358 λέγεται
3553 5291 3871 5358 προσώπου,
3898 5291 3996 5341 ἀλλ

2441 5386 2534 5437 ἐπὶ
2563 5387 2656 5437 δύο
2682 5387 2776 5437 καὶ
2809 5385 3085 5438 πλειόνων.
3113 5384 3234 5446 Πῶς
3261 5380 3354 5435 οὖν
3388 5383 3451 5435 σὺ
3483 5383 3612 5450 ψιλὰ
3643 5382 3744 5451 φῂς
3772 5382 4012 5448 ὀνόματι

2443 5477 2531 5526 ἐπὶ
2584 5477 2720 5544 ⁵μιᾶς
2775 5475 3126 5536 ὑποστάσεως
3179 5473 3448 5541 λεγόμενα
3490 5473 3583 5535 τὸ,
3636 5471 3874 5538 Πατρὶς,
3917 5471 4012 5520 καὶ

2445 5567 2601 5630 Υὶοῦ,
2632 5567 2726 5619 καὶ
2762 5565 2918 5632 ἁγίου
2977 5566 3324 5631 Πνεύματοςς
3359 5564 3501 5633 Ὀρα
3547 5564 3608 5614 ὲκ
3632 5560 3888 5628 δευτέρου
3923 5560 4012 5610 τὸν

2445 5660 2659 5727 ’Λρειον
2685 5657 3070 5726 πληττόμενον.
3112 5657 3370 5724 Εἶποιμεν
3412 5655 3518 5725 γὰρ
3549 5651 3697 5722 αύτῷ
3721 5668 3736 5682 ο
3766 5650 3831 5701 'l‘t'
3871 5652 4008 5713 ἐστι,

2449 5749 2660 5821 μορφὴν
2690 5748 2874 5802 δούλου
2911 5747 3136 5812 ἔλαϐεν;
3176 5747 3406 5815 Εὔδηλον
3439 5747 3517 5797 ὅτι
3568 5742 3851 5814 ἄνθρωπἿὶ
3886 5743 4006 5808 ἓϊέ·
