4216 6450
255 400 393 464 1281

1293 404 1681 467 COMMENT.
1717 407 1799 469 IN
1838 410 2069 469 E2915?
2112 410 2207 467 AD
2248 411 2529 470 PHILIP.

3386 413 3518 480 128‘!

247 534 395 573 νετο.
432 516 643 573 Οὐκοῦν
675 521 768 573 καὶ
799 522 1011 590 μορφὴν
1037 518 1171 572 Θεοῦ
1203 518 1495 592 λεγόμενος
1518 522 1683 593 ἔχειν,
1712 522 1829 586 Θεὸς

1948 526 2179 579 fortnam
2223 542 2365 580 serv:
2401 524 2648 596 accepit?
2679 526 3032 583 manifestum
3077 533 3164 584 est
3207 526 3349 583 idem
3396 545 3515 586 esse

246 627 339 678 ην.

250 700 507 770 ’Λρειοςς
554 701 732 765 Οὖτω,
778 702 962 771 φησιν,
1020 702 1406 772 ὑποδεέστερος
1447 706 1595 757 ἐστιν
1630 705 1831 769 ὁΥίδς,

242 792 329 846 ὅτι
362 793 460 863 οὐχ
480 794 697 863 ἥρπασε
728 794 787 847 τὸ
817 790 957 846 εἶναι
993 796 1112 860 ἶσα,
1145 795 1300 863 φησὶ,
1330 794 1451 865 Θεῷ
1478 795 1555 865 τῷ
1588 798 1828 867 μεγάλῳ.

257 884 470 940 Ἐκεῖνο
536 888 642 957 γὰρ
698 888 934 958 ἁρπάζει
964 906 1069 951 τις,
1104 888 1132 939 ὃ
1175 890 1276 941 οὐκ
1312 890 1447 957 ἔχει,
1483 890 1637 959 φησί.
1674 891 1831 945 ’Λλλὰ

244 976 299 1029 τί
324 980 484 1049 ἡμεῖς
516 981 652 1049 πρὸς
686 981 882 1045 αὖτόνς
944 981 1170 1050 Πρῶτον
1204 981 1303 1049 μὲν
1330 982 1570 1050 οὐδαμοῦ
1602 984 1655 1035 αἱ
1691 983 1832 1054 Γρα-

247 1075 349 1141 qui
385 1075 558 1143 μέγαν
587 1077 717 1145 ἡμῖν
747 1076 777 1145 ἢ
812 1076 1009 1145 μικρὸν
1040 1076 1388 1142 εἰσηγοῦνται
1410 1076 1566 1130 Θεὸν.
1602 1078 1834 1131 Ἔπειτα

245 1166 275 1216 ὁ
347 1168 542 1236 μικρὸς
591 1168 735 1220 κατὰ
774 1168 865 1219 τὸν
913 1167 1067 1236 ὑμῶν
1102 1168 1282 1235 λόγον,
1331 1169 1447 1231 πῶς
1508 1170 1574 1222 ἂν
1612 1170 1831 1237 ἥρπασε

222 1253 309 1306 -τὸ
339 1256 592 1322 γενέσθαι
635 1258 839 1325 μέγας;
873 1258 946 1310 Οὐ
980 1257 1088 1325 γὰρ
1119 1258 1349 1324 ἡδᾶνατο
1382 1257 1483 1310 κᾶν
1527 1258 1829 1328 ἠϐουλήθη.

245 1345 483 1398 Ἔπειτα
514 1349 540 1399 ὁ
577 1348 789 1410 Παῦλος
822 1347 1327 1416 ταπεινοφροσύνης
1354 1348 1619 1416 εἰσήγαγε
1652 1352 1832 1418 παρὰ-

239 1434 461 1505 δειγμα.
490 1438 606 1490 Οὐκ
642 1438 708 1490 ἂν
738 1438 831 1490 οὖν
863 1436 1037 1501 εἶπεν,
1088 1440 1307 1508 Ἐπειδὴ
1346 1442 1373 1491 ὁ
1407 1442 1602 1510 μικρδς
1640 1442 1717 1511 τῷ
1741 1460 1835 1511 με-

242 1527 396 1596 γάλῳ
442 1529 543 1582 οὐκ
598 1531 874 1599 ἐπανέστη
908 1531 1051 1601 Θεῷ,
1082 1531 1329 1599 ὀφείλετε
1366 1533 1832 1587 ὑποκαταϐαίνειν

242 1615 529 1685 ἀλλήλους.
573 1620 732 1672 Ἀλλὰ
766 1621 949 1685 δείξας
1006 1620 1069 1673 τὸ
1108 1622 1222 1673 ῐσον
1265 1623 1482 1691 Πατρὸς
1537 1623 1632 1675 καὶ
1675 1622 1829 1688 Υίοῦ,

242 1703 398 1760 εἶπεν
427 1710 512 1762 ὅτι
560 1711 668 1762 ἀπὸ
707 1711 1214 1781 ταπεινοφροσύνης
1262 1712 1447 1782 σάρκα
1483 1713 1735 1782 ἐφόρεσε.
1761 1714 1835 1767 Τὸ

240 1800 350 1868 γὰρ
380 1800 454 1870 μὴ
488 1802 864 1871 ὲπαναστῆναι
915 1804 992 1871 τῷ
1026 1805 1258 1871 μείζονι,
1307 1804 1433 1856 ποία
1468 1821 1835 1874 ταπεινοφρο-

244 1890 417 1955 σύνης
454 1890 767 1954 Ἀσοενείας
823 1892 1023 1962 μᾶλλον
1052 1892 1211 1945 τοῦτο
1253 1888 1320 1961 ἦν
1366 1892 1461 1945 καὶ
1505 1892 1828 1962 ἀδυναμίας,

256 1980 418 2035 Ἀλλὰ
446 1983 508 2034 τὸ
532 1983 623 2035 τὸν
674 1984 790 2035 ἴσον
835 1984 929 2036 καὶ
966 1983 1310 2053 ὁμοδύναμον
1342 1984 1535 2053 ἔχοντα
1564 2002 1831 2039 ταπεινω-

244 2072 405 2141 Οῆναι
434 2073 529 2126 καὶ
557 2073 846 2143 ἄνθρωπον
887 2074 1166 2142 γενέσθαι.
1205 2074 1376 2128 Τοῦτο
1410 2077 1833 2145 ταπεινοφροσύ-

242 2165 520 2234 νης.”ορα
548 2164 604 2217 δὲ
626 2165 794 2234 αὐτὴν
820 2166 921 2235 τὴν
956 2165 1163 2235 βίϐλον.
1197 2161 1324 2217 Ὧδε
1351 2167 1458 2235 γὰρ
1498 2166 1573 2229 ὡς
1610 2153 1665 2218 ἐν
1694 2168 1832 2219 αἰνί-

245 2272 419 2325 γματι
441 2257 781 2327 γέγραπται·
811 2259 950 2327 «Οὐχ
982 2258 1277 2327 ἁρπαγμὸν
1299 2260 1542 2327 ἡγήσατο
1664 2261 1833 2314 Teut-

246 2348 393 2409 ἐστι,
423 2351 565 2402 κατὰ
605 2350 884 2418 ἁρπαγήν.
928 2369 946 2401 ι
983 2350 1056 2401 Τὸ
1084 2344 1225 2402 εἶναι
1257 2351 1343 2401 ἴσα
1360 2349 1497 2419 Θεῷ.
1527 2352 1723 2405 »Ὅταν
1748 2370 1833 2416 τις

244 2440 470 2511 ἁρπάσῃ
506 2457 580 2503 τι,
602 2443 722 2494 οὐδὲ
758 2442 1059 2495 ἀποθέσθαι
1084 2442 1217 2493 αὐτὸ
1252 2440 1524 2509 βούλεται,
1562 2443 1833 2512 φοῦούμε-

244 2549 334 2595 νος
368 2533 467 2601 τὴν
523 2532 803 2586 ἀπώλειαν
833 2533 1020 2587 αὐτοῦ.
1055 2535 1224 2586 Ὅταν
1264 2533 1320 2586 δέ
1352 2551 1433 2598 τις
1468 2534 1566 2607 ἔχῃ
1605 2536 1831 2604 φυσικὸν

246 2626 341 2677 καὶ
401 2625 551 2685 ἴδιον,
612 2626 855 2695 εὐχερῶς
894 2627 1027 2679 αὐτὸ
1082 2625 1418 2679 ἀποτίθεται.
1460 2624 1582 2681 Οἵδε
1614 2629 1719 2697 γὰρ
1751 2630 1829 2681 ὅτι

246 2716 375 2767 ὅταν
426 2716 576 2785 θέλῃ,
639 2716 804 2769 πάλιν
858 2717 1132 2786 λαμϐάνει
1182 2720 1335 2772 αὐτό.
1386 2720 1450 2771 Τί
1500 2714 1591 2771 οὖν
1632 2737 1829 2787 unum;

258 2805 319 2858 ⁸0
356 2805 483 2867 Υίὺς
511 2805 607 2857 τοῦ
633 2805 769 2857 Θεοῦ
804 2807 905 2859 οὐκ
932 2806 1174 2876 ἐφοϐήθη
1213 2809 1519 2877 καταϐῆναι
1546 2808 1638 2859 τοῦ
1668 2808 1833 2872 ἀξιώ-

252 2912 445 2963 ματος.
479 2896 552 2947 Οὐ
581 2897 691 2964 γὰρ
723 2896 1020 2964 ἁρπαγμὸν
1052 2898 1298 2965 ἡγήσατο
1328 2900 1427 2967 τὴν
1477 2898 1705 2967 θεότητα
1734 2899 1831 2951 αὖ·

248 2984 366 3047 τοῦ,
399 2987 696 3048 τουτέστιν,
734 2987 796 3037 οὐ
828 2986 937 3055 γὰρ
968 2987 1085 3055 ⁴[εδει
1145 2988 1284 3040 κατὰ
1326 2988 1580 3056 ἁρπαγὴν
1606 2988 1743 3057 ἔχων
1771 2988 1832 3041 τὸ

250 3072 392 3131 εἶναι
463 3078 577 3140 ἶσος
619 3076 698 3146 τῷ
731 3077 930 3146 Πατρὶ,
976 3077 1113 3130 ἀλλὰ
1148 3077 1291 3130 κατὰ
1320 3081 1549 3146 φυσικὸν
1588 3080 1829 3147 ἀξίωμά,

424 611 547 665 Ἐπὶ
598 612 709 681 γὰρ
764 613 873 666 τῶν
932 612 1047 675 δύο,
1107 612 1290 683 μορφὴ
1321 617 1520 670 κεῖται.
1579 616 1739 669 Ἀλλὰ
1780 615 1833 667 τί

1936 620 2084 689 quod
2117 621 2278 673 homo
2304 620 2476 670 factus
2502 628 2606 673 est.
2638 620 2809 689 igitur
2836 623 2928 690 qui
2956 631 3008 675 et
3032 620 3288 675 formam.
3311 620 3403 674 Dei
3428 622 3513 674 ha-

1936 709 2066 764 bere
2096 711 2399 769 dicebatur,
2444 708 2582 763 Deus
2617 722 2732 764 erat
2766 732 2777 765 ;
2817 726 2943 765 nam
2974 712 3026 764 in
3066 721 3295 782 utroque
3320 712 3517 765 dicitur

1939 798 2136 855 forma.
2189 802 2294 855 Sed
2334 813 2458 871 iura
2509 803 2706 855 Arius?
2736 804 2836 863 ita,
2884 804 3083 872 inquit,
3129 805 3307 859 minus
3360 804 3519 857 habet

1938 890 2130 955 Filius,
2163 892 2291 960 quia
2320 909 2425 945 non
2456 904 2637 946 rapui:
2664 902 2712 943 ut
2740 894 2961 960 :i-qualis
2978 904 3122 947 esset
3148 892 3256 946 Deo
3282 908 3477 961 magno
3502 910 3516 945 ι

1936 982 2070 1036 illud
2118 983 2263 1037 enim
2314 986 2454 1051 rapit.
2504 1000 2770 1050 ususpiam
2829 984 2970 1052 quod
3019 1000 3123 1036 non
3174 984 3354 1037 habet.
3412 984 3517 1037 Sed

1936 1074 2067 1143 quid
2093 1074 2285 1128 nosilli
2306 1075 2446 1143 1'81
2474 1075 2711 1126 Primam
2738 1077 2955 1144 quidem
2978 1074 3277 1143 Scriptum!
3307 1091 3521 1143 nequa-

1936 1183 2099 1233 quam
2138 1182 2363 1237 parvum
2406 1174 2498 1219 aut
2538 1182 2793 1235 magnum
2824 1168 3095 1221 inducunt.
3136 1168 3293 1221 nobis
3326 1166 3516 1222 Dettm.

1938 1259 2144 1313 Deinde
2174 1260 2267 1327 qui
2313 1259 2469 1326 juxta
2505 1270 2745 1313 vestrum
2801 1275 3105 1314 sermonem
3160 1276 3361 1329 parvus
3408 1268 3514 1322 est,

1936 1349 2210 1417 quomodo
2252 1350 2523 1415 rapuisset
2555 1359 2612 1402 ut
2645 1366 2874 1421 magnus
2912 1350 3102 1404 ﬁeret?
3151 1366 3329 1418 neque
3370 1354 3514 1404 enim

1939 1438 2210 1506 potuisset
2244 1439 2412 1492 etiam
2443 1440 2488 1492 si
2528 1440 2812 1495 voluisset.
2844 1444 2923 1493 ΛιΙ
2957 1444 3068 1495 haec
3105 1442 3304 1496 Paulus
3335 1442 3518 1507 dejec-

1937 1530 2103 1584 tionis
2134 1530 2303 1582 aninii
2355 1529 2665 1596 exemplum
2708 1531 2945 1584 induxit.
2977 1532 3162 1600 Itaque
3196 1548 3302 1585 non
3338 1533 3515 1597 dixit;

1935 1617 2205 1683 Queniam
2235 1632 2433 1685 parvus
2471 1633 2578 1671 non
2615 1619 2917 1672 insurrexit
2951 1621 3005 1673 in
3038 1635 3292 1688 magnum
3325 1620 3515 1683 Deum,

1935 1709 2147 1763 debetis
2198 1708 2431 1763 iniicein
2485 1724 2583 1763 vos
2638 1710 3008 1765 submittere:
3045 1712 3290 1765 sedeam
3342 1710 3518 1764 Patris

1939 1809 1992 1855 et
2025 1798 2145 1853 Filii
2170 1801 2507 1855 ostendisset
2534 1802 3079 1870 a-qualitatem,disit
3104 1805 3247 1871 quod
3275 1806 3516 1857 exanimi

1936 1890 2251 1944 humilitate
2284 1906 2508 1945 carnem
2544 1891 2795 1960 gestavit.
2846 1891 2978 1945 Nam
3018 1894 3070 1946 in
3105 1894 3363 1961 majorem
3404 1910 3514 1948 non

1938 1983 2247 2052 insurgere,
2279 1997 2529 2051 quamam
2549 1991 2632 2036 est
2650 1981 2817 2041 animi
2838 1982 3150 2037 humilitas?
3187 1985 3518 2052 impotentiae

1933 2075 2113 2143 potius
2148 2074 2345 2130 luisset
2371 2089 2434 2128 ac
2468 2074 2863 2130 imbecillitatis
2898 2091 2911 2126 :
2945 2076 3038 2130 sed
3061 2091 3187 2129 eum
3222 2078 3312 2144 qui
3339 2092 3520 2146 tequa-
3584 2148 3589 2149 γ

1936 2166 2000 2218 lis
2020 2175 2138 2219 erat
2170 2156 2223 2220 et
2249 2181 2403 2236 aeque
2436 2175 2653 2236 puteus,
2677 2167 2824 2221 ultro
2856 2168 3131 2221 humiliari
3158 2180 3211 2223 et
3241 2168 3516 2223 hominem

1937 2255 2077 2321 licri,
2135 2256 2237 2308 huc
2285 2256 2519 2309 modesti
2560 2265 2644 2309 est
2673 2256 2864 2309 animi.
2912 2255 3300 2311 Animadverte
3331 2266 3514 2311 autem

1936 2347 2109 2415 ipsam
2142 2347 2266 2400 libri
2302 2348 2656 2415 scripturam.
2686 2344 2820 2399 Nam
2855 2347 2941 2401 hic
2966 2348 3113 2401 velut
3147 2349 3202 2400 in
3228 2350 3515 2418 anigmate

1935 2444 2198 2509 scriptum
2217 2451 2326 2495 est:
2351 2460 2367 2490 ι
2389 2439 2505 2495 Non
2529 2441 2778 2509 rapinam
2794 2440 3095 2495 arbitratus
3112 2449 3214 2505 est,
3248 2461 3266 2491 ι
3289 2440 3390 2494 Ιιυε
3407 2452 3513 2507 est,

1933 2548 2055 2587 esse
2085 2533 2389 2586 secundum
2432 2532 2699 2598 rapinam.
2739 2546 2759 2581 ι
2803 2529 2871 2584 Ut
2891 2532 3117 2598 aequalis
3144 2540 3295 2586 esset
3321 2528 3447 2585 Deo.
3489 2550 3509 2583 ι

1936 2618 2038 2673 Ubi
2077 2622 2200 2689 quis
2234 2619 2441 2689 aliquid
2474 2619 2734 2688 rapuerit,
2769 2633 2876 2672 non
2910 2620 3024 2672 vult
3058 2618 3191 2672 illud
3218 2620 3512 2688 deponere.

1935 2712 2139 2765 veritus
2179 2726 2246 2765 ne
2278 2710 2379 2765 sibi
2414 2718 2621 2779 pereat.
2662 2709 2733 2763 At
2761 2710 2852 2762 ubi
2879 2711 3002 2775 quis
3032 2710 3283 2763 naturale
3313 2710 3516 2763 habue-

1936 2806 2007 2855 rit
2040 2811 2094 2855 et
2130 2802 2431 2871 pr0priutn.
2474 2800 2655 2854 libens
2703 2800 2835 2853 illud
2871 2799 3135 2869 deponit:
3173 2802 3324 2854 novit
3363 2801 3512 2856 enim

1934 2894 2079 2965 quod
2110 2893 2200 2946 ubi
2236 2892 2477 2955 libuerit,
2518 2906 2710 2945 rursus
2735 2892 2911 2960 ipsunt
2941 2894 3192 2961 accipiet.
3217 2892 3357 2958 Quid
3382 2907 3512 2962 ergo

1934 2985 2048 3036 ait?
2088 2981 2259 3036 Filius
2314 2982 2408 3035 Dei
2453 2996 2564 3035 non
2599 2982 2779 3035 timuit
2822 2996 2850 3034 a
2890 2982 3153 3051 dignitate
3179 2983 3509 3038 discedere:

1934 3088 2043 3127 non
2094 3075 2238 3129 enim
2303 3072 2549 3142 rapinam
2600 3072 2939 3127 existimavit
2993 3088 3116 3127 esse
3167 3075 3512 3129 divinitatem

250 3184 415 3236 φησι.
467 3169 565 3221 Διὰ
594 3166 754 3221 τοῦτο
815 3167 1007 3220 ἑαυτὸν
1051 3169 1321 3221 ἐκένωσεν
1363 3169 1491 3238 ἄχρι
1520 3170 1617 3239 τῆς
1643 3171 1829 3224 δούλου

1938 3178 2093 3218 suam
2123 3181 2135 3216 :
2165 3163 2267 3217 hoc
2301 3172 2411 3225 est,
2439 3162 2588 3215 novit
2616 3162 2884 3231 siquidem
2924 3162 3069 3232 quod
3096 3178 3162 3217 ex
3192 3163 3382 3233 rapina
3408 3178 3514 3217 non

254 3257 476 3328 μορφῆς
536 3260 594 3310 ὲν
638 3256 948 3327 ὁμοιώματι
992 3257 1294 3329 ἀνθρώπων
1325 3260 1637 3328 γενόμενος.
1670 3262 1735 3315 Τί
1775 3261 1831 3314 δέ

254 3353 405 3402 ἐστιν
461 3350 714 3419 ὁμοίωμα
764 3348 1089 3418 ἀνθρώπου;
1132 3351 1385 3419 Δηλονότι
1417 3352 1572 3415 ἄλλος
1619 3353 1830 3422 ἄνθρω-

256 3458 375 3503 πος.
410 3442 563 3493 Διατί
610 3440 667 3492 δὲ
706 3436 860 3493 εἶπεν
915 3440 1170 3509 ὁμοίωμα
1204 3441 1530 3511 ἀνθρώπους
1560 3444 1681 3497 Ὅτι
1716 3439 1831 3513 εἶχέ

251 3548 374 3585 τινα
429 3530 568 3599 ὑπὲρ
625 3530 935 3598 ἄνθρωπον,
975 3530 1037 3582 τὸ
1084 3525 1225 3583 εἶναι
1276 3533 1370 3584 καὶ
1400 3532 1555 3597 θεὸς,
1605 3533 1665 3586 τὸ
1700 3535 1832 3588 ἄνευ

252 3624 541 3685 συνουσίας
565 3622 844 3691 τεχθῆναι.
866 3620 962 3685 Τὸ,
985 3623 1233 3691 Σχήματι
1265 3624 1509 3691 εὑρεθεὶς
1528 3626 1603 3687 ὡς
1619 3625 1831 3694 ἄνθρω-

248 3730 374 3778 πος,
406 3714 572 3781 φησὶν
601 3712 1112 3782 οἱΕὑτυχιανισταὶ,
1149 3712 1287 3765 Ἰδοὺ
1327 3714 1425 3765 οὐκ
1447 3709 1515 3782 ἦν
1544 3713 1702 3781 φύσει
1740 3717 1833 3771 ἄν-

246 3803 492 3875 θρωπος.
532 3804 694 3857 Ἀλλά
722 3821 903 3873 φαμεν
930 3803 1087 3857 τοῦτο
1138 3804 1415 3874 εἰρῆσθαι,
1447 3806 1534 3858 ἵνα
1568 3807 1642 3876 μὴ
1676 3825 1831 3878 νομι-

244 3896 352 3965 σθῇ
374 3896 454 3958 εἰς
489 3895 887 3964 ἀνθρωπότητα
933 3896 1236 3964 τετράφθαι
1267 3900 1299 3965 ἡ
1335 3896 1547 3968 Θεότης.
1577 3900 1830 3968 Σχήματι

241 3988 328 4052 δὲ,
354 3989 543 4057 φησὶν,
574 3985 685 4041 οἷον
723 3990 780 4041 ὲν
813 3987 999 4058 σαρκί.
1029 3988 1240 4057 Σαρκδς
1268 3989 1373 4060 γὰρ
1397 3989 1553 4052 ἴδιον,
1580 3990 1640 4042 τὸ
1664 3993 1830 4061 ἐσχη-

246 4076 509 4145 ματίσθαι
532 4076 607 4138 ὡς
632 4076 939 4146 ἄνθρωπος.
980 4077 1056 4128 Οὐ
1104 4078 1212 4145 γὰρ
1254 4072 1321 4147 ἦν
1352 4071 1431 4139 εἷς
1460 4078 1568 4129 τῶν
1598 4077 1826 4144 πολλῶν,

241 4166 387 4219 ἀλλὰ
417 4168 511 4219 καὶ
541 4166 970 4236 παρηλλαγμένα
999 4161 1165 4237 εἶχεν.
1197 4170 1264 4219 Ἢ
1299 4168 1379 4228 τὸ,
1412 4168 1486 4231 ὡς
1521 4168 1827 4239 ἄνθρωπος,

246 4252 341 4311 οἷα
398 4257 682 4328 ἄνθρωπός
734 4275 892 4327 φησι.
940 4259 1047 4312 Καὶ
1104 4257 1213 4328 γὰρ
1252 4258 1346 4310 καὶ
1399 4259 1527 4328 περὶ
1567 4259 1830 4327 βασιλέως

250 4348 395 4418 μετὰ
410 4347 567 4415 δόξης
580 4347 931 4417 προελθόντος
949 4349 1154 4418 φαμὲν,
1182 4348 1434 4416 Ἐξῆλθεν
1456 4348 1531 4412 ὡς
1552 4348 1824 4418 βασιλεύς.

244 4442 487 4510 Λέγειδὲ
515 4442 605 4495 καὶ
626 4445 653 4496 ὁ
673 4442 1097 4514 Εὖαγγελιστής·
1126 4463 1145 4495 ι
1180 4446 1288 4497 Καὶ
1330 4446 1512 4515 ίὸομεν
1548 4445 1645 4506 τὴν
1666 4446 1829 4511 δόξαν

1936 3254 2161 3309 haberet
2195 3262 2251 3306 ut
2277 3261 2421 3307 esset
2447 3252 2668 3322 aqualis
2701 3253 2867 3316 Patri,
2912 3252 3006 3307 sed
3042 3253 3277 3307 naturali
3311 3253 3513 3307 divini-

1935 3354 2064 3399 tate.
2093 3345 2325 3413 Propter
2351 3344 2454 3398 hoc
2484 3346 2727 3413 seipsum
2751 3343 3054 3398 csinanivit
3082 3360 3258 3414 usque
3278 3344 3347 3398 ad
3367 3344 3522 3399 serti.

1933 3435 2163 3489 lormam
2206 3436 2261 3487 in
2294 3433 2654 3489 similitudine
2692 3433 2973 3487 hominum
3015 3434 3216 3489 factus.
3256 3434 3395 3501 Quid
3429 3446 3514 3489 est

1934 3536 2117 3581 autem
2144 3525 2447 3580 similitudo
2477 3525 2753 3579 hominis?
2779 3540 2912 3580 sane
2943 3525 3086 3581 alius
3119 3527 3302 3581 homo.
3333 3527 3513 3593 Quare

1938 3629 2119 3673 autem
2148 3617 2285 3671 dixit
2320 3618 2732 3672 similitudinem
2759 3618 3031 3671 hominis?
3050 3616 3186 3683 Quia
3214 3620 3394 3687 aliqua
3418 3619 3513 3671 ha-

1931 3708 2052 3763 buit
2083 3723 2250 3777 super
2281 3707 2580 3768 hominem.
2630 3722 2824 3775 nempe
2853 3707 2998 3775 quod
3050 3709 3190 3762 Deus
3224 3708 3388 3762 etiam
3421 3723 3513 3762 cs-

1937 3810 2041 3864 set,
2069 3800 2329 3869 quodque
2359 3800 2523 3854 etiam
2553 3799 2671 3853 sine
2698 3800 3078 3853 commistione
3108 3800 3323 3869 genitus
3346 3808 3509 3854 esset.

1933 3890 2009 3945 Ex
2049 3907 2115 3945 eo
2166 3902 2347 3946 autem
2397 3890 2539 3958 quod
2580 3890 2854 3959 sequitur,
2912 3889 3111 3963 llabitu
3164 3890 3416 3944 inventus
3452 3900 3513 3945 ut

1934 3981 2119 4045 homo,
2164 3980 2352 4034 dicunt
2389 3979 2821 4049 Eutychiauistaz
2857 3999 2869 4035 :
2920 3979 3060 4035 Ecce
3097 3995 3204 4034 non
3255 3988 3375 4034 erat
3416 3996 3513 4034 na-

1932 4082 2059 4127 tura
2105 4074 2287 4127 homo.
2326 4073 2433 4127 Sed
2465 4074 2700 4127 dicimus
2733 4074 2834 4127 hoc
2869 4074 3079 4128 dictum
3112 4090 3236 4130 esse
3264 4091 3331 4130 ne
3371 4076 3517 4130 divi-

1934 4167 2078 4220 nitas
2119 4166 2529 4219 existimaretur
2576 4176 2912 4219 commutata
2962 4182 3086 4221 esse
3119 4167 3173 4220 in
3205 4166 3515 4223 humanita-

1933 4266 2059 4309 tem.
2096 4254 2295 4308 Habitn
2327 4266 2507 4307 autem
2546 4256 2661 4308 sive
2710 4256 2906 4324 ﬁgura,
2952 4256 3055 4310 hoc
3084 4265 3191 4322 est,
3226 4258 3280 4311 in
3318 4273 3508 4313 carne.

1930 4346 2209 4415 Siquidem
2260 4346 2447 4402 carnis
2501 4347 2781 4414 proprium
2816 4356 2903 4401 est
2932 4348 3221 4417 ﬁguratum
3273 4364 3397 4404 esse
3451 4359 3512 4403 ut

1932 4438 2118 4493 homo.
2145 4438 2332 4508 Neque
2353 4440 2499 4492 enim
2518 4454 2664 4492 unus
2689 4454 2719 4493 e
2744 4439 2907 4508 vulgo
2924 4450 3061 4505 erat,
3085 4454 3273 4494 verum
3291 4440 3510 4496 diversa

246 4532 416 4585 αὐτοῦ
446 4534 518 4596 ὡς
552 4510 894 4601 Μονογενοῦς
912 4510 1067 4604 παρα
1100 4535 1341 4607 Πατρόςς
1364 4555 1381 4585 ι
1406 4537 1701 4600 τουτέστιν,
1733 4535 1822 4591 οἷα

1931 4531 2095 4586 etiam
2136 4531 2389 4584 habebat.
2420 4533 2529 4582 Aut
2566 4538 2623 4582 ut
2656 4530 2841 4591 homo,
2880 4529 2931 4582 id
2966 4541 3074 4595 est,
3110 4538 3299 4600 utpote
3324 4532 3509 4585 homo.

242 4625 608 4691 Μονογενοῦς.
639 4654 709 4666 —
740 4623 939 4696 [ΦΩΤ.]
1000 4626 1057 4679 ’0
1114 4627 1221 4695 γὰρ
1264 4629 1498 4697 Χριστος
1547 4630 1641 4682 καὶ
1688 4629 1821 4693 Θεὸς

239 4718 427 4788 ἡμῶν,
457 4718 518 4769 οὐ
547 4717 607 4769 τδ
625 4717 816 4771 ἑαυτοῦ
844 4717 1169 4787 ὲσχὸπησεν,
1188 4718 1323 4771 ἀλλὰ
1355 4720 1414 4772 τὸ
1438 4722 1655 4774 πάντων
1689 4738 1825 4791 συμ-

242 4809 414 4878 φέρον
463 4807 560 4860 καὶ
607 4810 895 4877 σωτήριον.
928 4810 1028 4860 Δια
1060 4808 1217 4861 τοῦτο
1243 4813 1491 4863 ταπεινοῖ
1517 4811 1708 4864 ἑαυτὸν
1734 4813 1823 4865 διὰ

242 4894 598 4967 σαρκώσεως,
641 4895 737 4949 καὶ
794 4896 919 4965 ὐψοί
953 4897 1160 4959 πάντας
1201 4900 1347 4967 ἡμᾶς
1373 4898 1459 4951 διὰ
1495 4900 1593 4966 τῆς
1614 4901 1822 4963 οἰκείας

242 4986 649 5050 ταπεινώσεως.
696 4987 756 5040 Ὀ
795 4983 887 5040 οὖν
914 4989 1104 5041 ἑαυτὸν
1131 4989 1427 5053 ταπεινῶν,
1463 4991 1701 5061 Χριστοῦ
1738 4993 1821 5060 γί-

241 5094 396 5132 νεται
455 5078 720 5149 μιμητής.
767 5078 959 5132 Καίτοι
1007 5080 1167 5143 αὐτὸς
1202 5081 1333 5144 Θεὸς
1383 5081 1459 5134 ὣν
1509 5081 1669 5151 φύσει
1725 5085 1820 5138 καλ⁸

242 5168 451 5238 ὑψηλὸς
489 5172 611 5221 κατ’
640 5170 850 5224 οὐσίαν.
871 5173 933 5223 Ui
963 5172 1019 5225 δὲ
1055 5173 1205 5242 παρὰ
1256 5173 1567 5244 ἀνθρώποις
1602 5174 1818 5244 ὑψηλοὶ,

242 5260 308 5325 ἐξ
340 5261 615 5329 ἁρπαγῆς,
644 5261 708 5314 ἐκ
728 5261 1062 5328 πλεονεξίας,
1089 5266 1536 5335 προσεκτήσαντο
1556 5266 1613 5318 τὸ
1638 5268 1696 5319 ὲν
1726 5267 1824 5321 αὖ·

238 5354 361 5413 τοῖς
420 5350 644 5421 ὑψηλόν.
685 5351 843 5407 Ἐπεὶ
888 5354 991 5421 ἥγε
1044 5354 1206 5422 φύσις
1253 5356 1408 5427 κοινὴ
1457 5358 1553 5410 καὶ
1594 5357 1685 5425 ἴση
1729 5358 1824 5410 καὶ

237 5442 506 5511 ὁμότιμος
569 5442 874 5513 ἀνθρώπιον
903 5444 1178 5499 ἁπάντων.
1207 5447 1268 5499 Εἰ
1302 5442 1394 5500 οὖν
1429 5451 1457 5501 ὁ
1503 5449 1661 5517 φύσει
1693 5448 1825 5512 Θεὸς

240 5534 341 5588 καὶ
371 5532 528 5601 φύσει
579 5533 779 5605 ὑψηλὸς
830 5538 1193 5591 ἐταπείνωσεν
1233 5540 1425 5592 ἑαυτὸν
1467 5541 1535 5593 δι’
1568 5542 1734 5610 ἡμᾶς,
1777 5543 1824 5593 oi

241 5625 404 5695 ςύσει
432 5625 685 5696 ὁμότιμοι
723 5628 818 5681 καὶ
861 5630 1063 5699 ὁμοίως
1108 5632 1354 5689 ταπεινοὶ
1384 5634 1499 5703 «οὐκ
1537 5633 1825 5703 epilogo;

311 5805 338 5843 ⁸
360 5808 521 5868 Joan.
556 5828 595 5879 t,
621 5811 710 5867 Η.

1928 4623 2141 4681 Etenim
2187 4622 2255 4675 de
2285 4636 2410 4690 rege
2444 4636 2663 4689 quoilue
2702 4636 2823 4673 cum
2869 4621 3039 4690 gloria
3068 4624 3399 4691 procedente
3427 4623 3512 4677 di-

1928 4720 2107 4777 cimus
2141 4732 2155 4769 :
2194 4716 2463 4784 Egressus
2506 4722 2591 4767 est
2632 4723 2891 4783 tauquam
2944 4729 3059 4767 rex.
3110 4715 3198 4767 Ait
3235 4726 3418 4770 autem
3454 4726 3510 4771 et

1929 4806 2276 4876 Evangelista
2302 4821 2314 4856 :
2345 4822 2363 4854 ι
2400 4802 2644 4857 Vidimus
2674 4804 2902 4870 gloriam
2935 4803 3075 4871 ejus,
3101 4803 3329 4870 gloriam
3352 4804 3510 4873 quasi

1936 4919 1955 4951 ι
1994 4896 2267 4967 Unigeniti
2305 4911 2335 4948 a
2369 4894 2529 4948 Patre
2565 4894 2609 4957 ⁸,
2648 4912 2666 4944 ι
2707 4893 2809 4944 huc
2846 4900 2948 4957 est,
2985 4902 3173 4962 utpote
3203 4893 3503 4964 Unigeuiti.

1924 4989 2057 5044 Nam
2090 4986 2234 5041 Deus
2266 4992 2318 5039 et
2345 4985 2598 5037 Christus
2630 4989 2817 5034 uester
2852 4994 2960 5033 non
2994 4980 3061 5034 ad
3092 4982 3143 5035 iu
3170 4982 3316 5051 quod
3343 4997 3506 5037 suum

1926 5092 2009 5137 cst
2039 5080 2299 5148 respexit,
2334 5076 2443 5146 82
2477 5073 2572 5128 sed
2601 5071 2668 5126 ad
2715 5073 2765 5127 id
2802 5072 2947 5143 quod
2980 5073 3237 5127 omnibus
3263 5074 3392 5127 utile
3423 5082 3508 5130 est

1927 5182 1981 5229 ct
2038 5172 2301 5235 salutare,
2356 5176 2643 5235 propterea
2700 5166 2939 5233 seipsum
2990 5163 3239 5216 butniliat
3288 5179 3384 5232 per
3421 5165 3506 5218 in-

1928 5262 2330 5321 carnationem,
2372 5265 2426 5309 et
2474 5272 2573 5309 uos
2604 5269 2795 5307 omnes
2828 5252 3034 5306 exaltat
3071 5266 3165 5321 per
3195 5268 3350 5307 suam
3398 5253 3504 5307 hu-

1930 5353 2309 5409 miliatiunetn.
2365 5347 2468 5413 Qui
2523 5362 2653 5415 ergo
2691 5345 2933 5413 seipsum
2985 5343 3257 5409 hutniliat,
3302 5344 3503 5399 Christi

1934 5449 1990 5501 lit
2019 5446 2281 5499 imitator.
2315 5441 2475 5510 Atqui
2520 5441 2654 5507 ipse,
2685 5452 2810 5490 cum
2853 5444 3045 5489 natura
3096 5434 3240 5491 Deus
3274 5448 3422 5493 esset
3450 5446 3501 5491 et

1930 5540 2183 5595 excelsus
2234 5550 2330 5605 per
2367 5530 2685 5587 essentiam.
2733 5527 2837 5593 Qui
2886 5536 3067 5581 autem
3122 5527 3264 5582 inter
3311 5542 3504 5583 omnes

1931 5629 2132 5689 cscclsi
2173 5636 2321 5693 sunt,
2374 5641 2439 5680 ex
2486 5622 2675 5692 rapina
2710 5628 2765 5676 et
2812 5634 2877 5675 es
2910 5620 3141 5676 avaritia
3184 5620 3333 5676 nacti
3374 5632 3501 5682 sunt
