4216 6450
235 392 383 459 1285

1234 393 1620 455 COMMENT.
1662 394 1744 452 ΙΝ
1784 393 2020 454 EPIST.
2070 396 2169 455 AD
2202 394 2485 454 PHILIP.

3342 394 3482 462 1286

224 506 724 579 ι’νανθρωπήσεως.
755 507 932 576 Ὅπερ
955 505 1174 560 ἄτοπον.
1210 506 1463 558 Τοιοῦτον
1497 505 1552 558 δέ
1581 508 1696 558 ἐστι
1724 505 1808 556 καῖ

1921 514 2084 572 quam
2118 515 2280 559 antea
2313 512 2482 568 esset,
2514 503 2658 574 quod
2687 504 2985 560 absurdum
3029 511 3136 560 est.
3166 497 3490 574 liuiusmodi

221 595 313 660 τὸ,
357 615 375 648 ι
411 597 593 667 Ἐδόθη
647 615 736 668 μοι
770 597 1170 661 πᾶσα-ἐξουσία
1225 598 1282 649 ὲν
1318 596 1534 666 οὐρανῷ
1580 598 1675 650 καὶ
1720 597 1816 648 ἐπὶ

221 688 360 757 γῆς.
391 707 411 741 ³
447 690 541 752 Εἰς
579 688 678 758 τὴν
728 690 1142 759 ὲνανθρὼπησιν
1189 687 1301 751 οὖν,
1350 689 1446 742 καὶ
1480 690 1578 741 οὐκ
1604 690 1682 751 είς
1714 690 1816 758 τὴν

221 778 465 847 θεότητα
493 779 663 853 ταῦτα
690 781 771 834 δεῖ
799 783 1022 832 ἐννοεῖν.
1061 799 1076 830 ι
1108 781 1223 833 Πᾶν
1246 780 1376 847 γόνυ
1419 780 1637 852 κάμψῃ.
1665 800 1682 833 ι
1719 781 1814 844 Εἰς

226 873 610 943 προσκύνησιν
630 874 894 942 δηλονότι.
918 890 935 924 ι
973 871 1345 940 Ἐπουρανίων
1368 871 1463 924 καὶ
1492 872 1772 939 ἐπιγείων.
1788 891 1806 926 ι

237 965 541 1030 Ἀγγέλων,
574 967 669 1018 καὶ
712 963 1044 1032 ἀνθρώπων,
1077 965 1169 1014 καὶ
1221 962 1514 1032 δαιμόνων.
1561 964 1671 1015 Καὶ
1703 963 1812 1034 γὰρ

222 1059 327 1110 καὶ
355 1056 609 1125 δαίμονες
660 1056 999 1121 ἐπέγνωσαν.
1041 1052 1164 1124 (Διό
1212 1070 1396 1121 φασιν⁹
1435 1072 1454 1104 ι
1480 1053 1717 1122 υίδαμέν
1751 1071 1809 1106 σε

221 1145 314 1209 τίς
343 1141 412 1206 εἷ,
437 1164 455 1196 ι
494 1148 576 1198 ὅτι
622 1146 650 1198 ὁ
693 1144 849 1211 ἆγιος
881 1142 977 1195 τοῦ
1018 1143 1214 1211 Θεοῦ.)
1250 1144 1359 1196 Καὶ
1390 1142 1808 1208 ἐπιγνώσονται,

221 1237 358 1288 ὅταν
399 1235 476 1297 ὡς
523 1233 721 1303 κριτὴς
765 1234 990 1307 καθίσῃ.
1031 1234 1102 1286 Ἤ
1158 1235 1240 1287 δτι
1267 1235 1367 1286 καὶ
1391 1235 1441 1286 οί
1470 1233 1670 1287 δίκαιοι
1718 1237 1812 1289 καὶ

1918 604 2002 648 est
2032 606 2210 649 autem
2243 605 2298 650 et
2327 594 2461 649 illud
2495 610 2510 647 :
2541 611 2561 644 ι
2603 594 2731 646 Data
2759 602 2842 649 est
2875 594 3008 647 mihi
3037 594 3217 649 omnis
3251 602 3496 664 potestas

1918 685 1971 738 in
2006 687 2147 741 caelo
2182 696 2235 740 et
2275 687 2330 741 in
2363 686 2590 741 terra“.
2634 704 2654 738 ι
2697 686 2779 740 Ad
2823 687 3256 741 incarnationem
3299 687 3491 756 igitur,

1917 787 1971 834 et
1997 793 2105 833 non
2129 778 2196 831 ad
2222 778 2564 832 divinitatem
2599 779 2713 833 haec
2749 779 2952 834 referre
2982 787 3218 848 oportet.
3250 798 3270 832 ι
3317 779 3493 833 Omne

1914 885 2064 939 genu‘
2093 885 2152 926 se
2185 868 2388 924 ﬂectat.
2432 888 2450 921 ι
2479 871 2558 926 Ad
2600 872 2976 926 adorationem
3009 871 3281 927 videlicet.
3316 891 3334 924 ι
3369 872 3495 926 Cm-

1913 962 2134 1016 leStium
2177 973 2229 1017 et
2271 946 2635 1016 terrestrium.
2668 981 2688 1014 s
2733 963 3064 1032 Angelorum
3107 971 3162 1018 et
3209 965 3488 1018 hominum

1913 1068 1978 1108 ac
2015 1055 2346 1108 daemonum.
2376 1053 2660 1108 Daemones
2691 1056 2957 1124 siquidem
3003 1065 3057 1110 et
3093 1068 3487 1126 cognoverunt,

1914 1144 2120 1198 idcirco
2172 1144 2427 1198 dicebant
2476 1161 2488 1196 :
2542 1163 2560 1194 ι
2627 1142 2891 1199 Novimus
2951 1155 3004 1200 te
3061 1149 3185 1216 quis
3239 1148 3404 1209 sis",
3465 1167 3484 1198 ι

1911 1251 2107 1303 nempe
2147 1243 2373 1289 sanctus
2423 1235 2514 1289 ille
2559 1235 2669 1300 Dei,
2697 1245 2752 1290 et
2787 1248 3122 1307 cognoscent
3164 1242 3382 1308 quando
3431 1248 3490 1293 nt

224 1327 279 1379 oi
305 1326 643 1396 ἁμαρτωλοί.
678 1345 697 1378 ι
725 1329 835 1379 Καὶ
865 1327 1016 1380 πᾶσα
1038 1328 1259 1395 γλῶσσα
1287 1327 1802 1399 ἐξομολογήσηται.)

1908 1325 2076 1395 judex
2121 1326 2487 1380 descenderit.
2518 1333 2584 1381 At
2613 1330 2739 1398 quia
2775 1339 2828 1383 et
2872 1331 3006 1399 justi
3051 1339 3104 1385 et
3151 1344 3484 1401 peccatores.

225 1415 294 1467 Τί
341 1415 828 1484 ὲξομολογὴσεται;
874 1416 999 1469 Ὀτι
1047 1415 1252 1484 Κύριος
1312 1416 1517 1482 Ἰησοῦς
1575 1416 1808 1486 Χριστός

1917 1439 1936 1471 ι
1979 1421 2280 1491 Omnisque
2330 1426 2511 1493 lingua
2558 1423 2901 1477 conlileatur.
2951 1443 2970 1476 ι
3022 1425 3162 1491 Quid
3204 1427 3488 1481 confitebi-

225 1506 311 1566 είς
351 1504 508 1569 δόξαν
544 1503 680 1557 Θεοῦ
715 1505 948 1575 [ἰατρός.
981 1504 1120 1570 Δόξα
1147 1508 1257 1576 γὰρ
1289 1506 1521 1573 Πατρὸς,
1570 1507 1630 1559 τὸ
1666 1506 1808 1576 ἔχειν

1913 1512 2039 1565 tur?
2065 1512 2218 1578 Quod
2258 1513 2524 1570 Dominus
2561 1515 2632 1567 sit
2669 1514 2827 1569 Jesus
2856 1513 3110 1571 Christus
3153 1502 3486 1587 ad'gloriam

223 1595 472 1648 τοιοῦτον
505 1596 655 1659 Υίὸν,
698 1596 915 1649 πάντων
957 1597 1269 1666 Δεσπότην,
1300 1599 1394 1650 καὶ
1441 1597 1676 1666 Ποιητὴν
1713 1598 1808 1652 καὶ

1911 1602 2007 1657 Dei
2043 1604 2240 1658 Patris.
2275 1603 2368 1658 Est
2397 1606 2540 1658 enim
2577 1604 2754 1660 Patris
2781 1607 2947 1674 gloria
2977 1609 3137 1660 talem
3172 1607 3372 1663 habere
3395 1609 3486 1663 Fi-

223 1687 384 1748 Θεὸν,
421 1689 516 1739 καὶ
567 1681 612 1754 ᾧ
654 1685 826 1739 κλίνει
871 1687 981 1739 πᾶν
1019 1687 1187 1755 γόνυ,
1243 1688 1339 1740 καὶ
1394 1690 1543 1741 πᾶσα
1587 1688 1808 1756 γλῶσσα

1908 1693 2069 1760 lium,
2105 1695 2347 1747 omnium
2376 1694 2661 1748 Dominum
2694 1707 2747 1749 et
2767 1696 3110 1751 Conditorem
3129 1713 3192 1751 ac
3222 1698 3486 1760 Deum,ct

229 1779 255 1830 ἒ
265 1780 325 1842 ξο
333 1780 535 1849 μολογή
545 1796 601 1831 σε
609 1797 717 1833 ται.

303 1957 505 2021 Ὥστε,
533 1959 833 2028 ἀγαπητοί
851 1979 994 2029 μου,
1024 1963 1223 2028 καθὼς
1246 1962 1504 2017 πάντοτε
1523 1967 1796 2032 ὑπηκού-

222 2066 395 2115 σατε,
425 2050 511 2120 μὴ
557 2052 639 2116 ὠς
670 2052 738 2105 ἐν
774 2052 850 2121 τῇ
884 2056 1190 2122 παρουσίᾳ
1231 2072 1350 2121 μου
1390 2055 1602 2122 μόνον,
1637 2057 1798 2110 ἀλλὰ

219 2139 344 2192 νῦν
405 2138 613 2205 πολ.λῷ
659 2141 903 2209 μᾶλλον
955 2142 1025 2194 ἐν
1073 2141 1147 2208 τῇ
1202 2143 1466 2208 ἀπουσίᾳ
1490 2161 1630 2210 μου,
1650 2145 1800 2212 μετά

222 2229 416 2297 φόϐου
448 2229 548 2283 καὶ
593 2233 809 2300 τρόμου
841 2231 955 2299 τὴν
977 2231 1210 2285 ἑαυτῶν
1258 2235 1563 2301 σωτηρίαν
1590 2251 1798 2304 κατερ-

222 2318 483 2387 γάζησθε
507 2337 520 2350 ·
551 2324 583 2374 ό
620 2322 763 2387 Θεὸς
812 2323 921 2390 γάρ
967 2324 1137 2376 ἐστιν
1170 2327 1202 2376 ὀ
1233 2324 1494 2393 ἐνεργῶν
1519 2327 1588 2380 ἐν
1634 2329 1797 2397 ὑμῖν,

221 2410 323 2462 καὶ
361 2413 426 2465 τι)
459 2410 662 2465 θέλειν
714 2413 814 2466 καὶ
859 2413 925 2465 τὸ
976 2413 1239 2483 ἐνεργεῖν
1270 2415 1423 2484 ὑπὲρ
1469 2416 1581 2486 τῆς
1629 2419 1798 2473 εὐδο-

219 2502 378 2566 κίας.

293 2593 406 2656 Τὰς
452 2593 561 2663 γὰρ
616 2595 734 2664 μετ’
787 2597 1080 2664 ιγκωμίων
1135 2601 1504 2670 παραινέσεις,
1560 2604 1799 2675 εὐχερῶς

219 2684 458 2745 ἕκαστος
514 2684 751 2754 δέχεται.
789 2704 808 2737 ι
835 2688 1030 2750 Καθὼς
1088 2691 1320 2749 πάντοτε
1370 2693 1738 2762 ὑπηκούσατε,
1774 2717 1791 2748 ι

219 2776 362 2828 ὡσεὶ
405 2777 626 2844 ἔλεγεν·
680 2777 940 2841 Ἑαυτοὺς
991 2781 1085 2832 καὶ
1114 2780 1208 2834 νῦν
1264 2785 1604 2852 μιμήσασθε,
1646 2789 1736 2840 καὶ
1762 2789 1796 2841 ἃ

219 2869 483 2929 εποιεῖτε,
519 2869 681 2921 πάλιν
713 2870 998 2938 ποιήσατε.
1046 2889 1064 2921 ι
1093 2871 1186 2942 Μὴ
1231 2871 1305 2935 ὡς
1337 2875 1395 2927 ὲν
1418 2878 1483 2945 τῇ
1524 2879 1799 2949 παρουσίᾳ

225 2977 329 3026 μου
365 2960 544 3028 μόνον.
566 2978 585 3010 ι
622 2960 758 3012 Τότε
805 2959 906 3029 μὲν
959 2960 1068 3030 γάρ
1103 2959 1234 3024 ἴσως
1285 2964 1542 3029 ἐδοκεῖτε,
1571 2966 1658 3020 διὰ
1700 2968 1798 3039 τὴν

219 3053 362 3120 πρὸς
389 3051 492 3121 ἐμὲ
523 3052 654 3106 αίδῶ
699 3052 875 3105 πάντα
920 3053 1205 3122 πράττειν,
1232 3053 1328 3106 νῦν
1356 3057 1413 3108 δὲ
1448 3058 1543 3110 ἐὰν
1593 3058 1798 3111 ἐπιτεί-

220 3158 353 3210 νητε
395 3142 494 3210 τὴν
542 3141 742 3211 ἀρετὴν
781 3141 870 3194 διὰ
927 3143 1020 3194 τὸν
1057 3143 1191 3194 Θεὸν
1241 3141 1426 3206 δόξετε
1483 3147 1552 3199 τὰ
1607 3147 1794 3201 δέοντα

221 3235 422 3285 ποιεῖν.
461 3250 480 3282 ι
508 3233 662 3284 Μετά
697 3231 865 3300 φόϐου
896 3234 992 3286 καὶ
1015 3233 1242 3303 τρόμου.
1275 3252 1292 3286 ι
1325 3235 1401 3287 Οὐ
1431 3236 1539 3306 γὰρ
1555 3237 1634 3290 ἔνι
1666 3239 1793 3293 ἄνευ

221 3322 512 3385 εὐλαϐείας
544 3323 638 3376 καὶ
688 3324 780 3376 τοῦ
820 3323 1121 3376 δεδοικέναι
1163 3325 1257 3376 καὶ
1304 3326 1546 3394 τρέμειν,
1593 3329 1796 3394 ἀγαθόν

219 3430 273 3465 τι
302 3412 522 3483 πρᾶξαι.
566 3412 689 3474 Πῶς
723 3413 779 3466 δέ
825 3414 940 3466 ἐστι
979 3413 1038 3466 τὸ
1081 3415 1338 3483 τρέμειν;
1383 3415 1507 3469 Ἐἀν
1541 3416 1791 3486 ἐνθυμώ-

222 3502 364 3574 μεθα
403 3504 484 3556 ὅτι
534 3504 809 3572 πανταχοῦ
837 3506 1100 3574 πάρεστιν
1129 3506 1157 3557 ὁ
1185 3506 1336 3569 Θεὸς,
1367 3507 1460 3559 καὶ⁵
1495 3509 1672 3562 πάντα
1695 3513 1797 3580 ὁρᾷ

219 3595 313 3646 καὶ
329 3592 539 3658 ἀκούει,
577 3593 673 3644 καὶ
691 3596 772 3646 ὃτι
804 3594 1040 3664 χαλεπαὶ
1069 3597 1124 3647 αἱ
1149 3595 1390 3649 εὐθύναι.
1414 3597 1792 3666 «Δουλεύσατε,

207 3686 380 3754 φησι,
406 3683 482 3755 τῷ
530 3686 727 3757 Κυρίῳ
777 3686 836 3738 ὲν
882 3687 1032 3756 φόϐῳ
1066 3687 1160 3741 καὶ
1197 3687 1528 3754 ἀγαλλιᾶσθε
1561 3690 1707 3760 αὐτῷ
1735 3692 1794 3745 ὲν

217 3778 432 3847 τρόμῳ.
459 3795 477 3827 ι
503 3779 657 3831 Μετά
685 3779 851 3845 φόϐου
880 3780 974 3833 καὶ
1003 3780 1308 3850 τρόμου.-
1337 3780 1540 3853 [φανῇ]
1573 3782 1788 3848 Καλῶς.

217 3871 314 3920 Δεῖ
348 3869 457 3936 γὰρ
503 3869 788 3938 φοϐεῖσθαι
827 3872 922 3923 καὶ
969 3872 1196 3941 τρέμειν
1235 3873 1292 3925 ἐν
1353 3873 1430 3943 τῷ
1462 3876 1792 3942 ἐργάζεσθαι

216 3960 320 4029 τὴν
352 3959 490 4012 ίδίαν
521 3961 796 4030 σωτηρίαν
827 3962 1076 4026 ἕκαστον,
1111 3964 1183 4033 μή
1207 3980 1336 4016 ποτε
1360 3965 1790 4031 ὑποσκελισθεὶς,

218 4050 430 4120 ἐκπέσῃ
479 4052 701 4121 ταύτης.
735 4053 930 4104 Πολλοὶ
974 4055 1082 4123 γάρ
1114 4055 1251 4128 εἰσιν
1277 4055 1326 4106 οἱ
1358 4057 1671 4124 πειρασμοὶ,
1699 4059 1794 4112 καὶ

220 4143 406 4196 πολλοὶ
439 4147 486 4198 οἱ
531 4144 994 4207 ἐπιϐουλεῦοντες,
1031 4147 1234 4212 ὅπουγε
1257 4148 1350 4198 καὶ
1375 4148 1507 4200 αὐτὸ
1534 4149 1632 4216 τὴν
1662 4153 1791 4218 ἀρε-

217 4240 318 4306 τὴν
346 4238 589 4307 ἀσκῆσαι
641 4237 804 4298 ἐνίοις
835 4238 916 4297 είς
949 4237 1263 4289 τούναντίον
1295 4239 1618 4310 ἐκϐέϐηκεν,
1654 4246 1790 4296 ἀπο-

218 4332 369 4394 νοίας
416 4330 508 4383 καὶ
535 4328 912 4397 ὑπερηφανίας
942 4328 1196 4392 ὑπόθεσις
1228 4330 1526 4398 γενόμενοι.
1566 4335 1658 4385 Δεῖ
1698 4329 1790 4386 οὖν

217 4422 309 4475 διά
354 4417 527 4472 ταῦτα
570 4417 878 4479 δεδοικότας
929 4419 1018 4470 καί
1067 4420 1390 4488 τρέμοντας,
1436 4421 1536 4490 τὴν
1583 4421 1790 4476 ἑαυτῶν

1912 1785 2000 1839 cui
2052 1800 2111 1839 se
2149 1783 2323 1839 ﬂectat
2367 1800 2529 1841 omne
2564 1801 2728 1855 genu,
2780 1794 2833 1839 et
2865 1788 3043 1842 omnis
3082 1787 3264 1857 lingua
3313 1790 3483 1842 confl-

1912 1885 2110 1930 teatur.

1970 1967 2034 2032 ll,
2057 1968 2142 2033 12,
2169 1970 2249 2024 15.
2278 1967 2526 2035 Proinde,
2545 1969 2726 2024 dilecti
2749 1969 2870 2036 mei,
2889 1970 3322 2042 quemadmodum
3348 1990 3482 2027 sem-

1901 2075 1995 2127 per
2026 2061 2299 2124 obedistis,
2329 2077 2432 2115 non
2466 2071 2720 2130 tauquam
2747 2063 2800 2114 in
2831 2064 3112 2129 praesentia
3142 2081 3258 2117 mea
3287 2065 3481 2127 solum,

1903 2150 1992 2203 sed
2038 2159 2160 2203 tunc
2197 2151 2362 2204 multo
2398 2153 2565 2221 magis
2617 2154 2671 2205 in
2709 2152 2943 2206 absentia
2979 2171 3093 2207 mea
3140 2171 3258 2208 cum
3295 2157 3483 2209 timore

1901 2256 1964 2292 ac
2015 2249 2238 2295 tremore
2294 2254 2515 2296 restram
2582 2245 2815 2309 ipsorum
2886 2244 3111 2298 salutem
3174 2248 3478 2310 operemini.

1899 2329 2011 2400 84
2043 2329 2185 2383 Nam
2222 2330 2360 2384 Deus
2387 2340 2464 2384 est
2491 2332 2536 2383 is
2559 2333 2649 2400 qui
2678 2333 2790 2402 agit
2818 2333 2872 2385 in
2915 2332 3054 2386 vobis
3075 2344 3123 2387 et
3145 2343 3201 2386 ut
3219 2336 3409 2400 velitis,
3433 2346 3481 2390 et

1899 2432 1953 2472 ut
1988 2421 2223 2490 e/ﬁciatis
2263 2438 2360 2490 pro
2396 2422 2746 2491 beneplacito.

1971 2592 2242 2659 Quoniam
2295 2594 2708 2648 exhortationes
2761 2609 2888 2648 cum
2935 2595 3199 2650 encomiis
3263 2595 3477 2651 facilius

1905 2685 2140 2755 quisque
2166 2686 2422 2750 admittit,
2453 2685 2576 2740 ideo
2615 2686 2688 2739 ait
2721 2702 2736 2739 :
2779 2703 2796 2736 ι
2838 2685 3304 2750 Quemadmodum
3334 2703 3478 2742 sem~

1898 2792 1995 2846 per
2023 2777 2304 2832 obedistis.
2333 2796 2351 2828 ι
2378 2775 2457 2831 Ac
2486 2779 2529 2831 si
2561 2777 2770 2831 diceret
2805 2795 2819 2829 :
2858 2776 2967 2831 Vos
3000 2778 3148 2846 ipsos
3172 2794 3316 2832 nunc
3337 2794 3477 2849 quo-

1898 2885 2006 2938 que
2037 2871 2344 2934 imitemini,
2371 2880 2424 2924 et
2451 2885 2571 2940 qua:
2615 2869 2896 2924 faciebatis
2930 2869 3110 2924 facile.
3154 2890 3173 2922 ε
3206 2869 3322 2925 Non
3363 2881 3479 2925 tan.

1899 2975 2064 3028 quam
2118 2960 2170 3013 in
2222 2960 2510 3029 praesentia
2576 2975 2696 3013 mea
2751 2963 2946 3014 solum.
2999 2981 3018 3014 ι
3085 2963 3298 3018 Etenim
3347 2975 3477 3021 tunc

1899 3050 2152 3105 fortassis
2201 3051 2529 3105 videbamini
2577 3052 2646 3104 ob
2698 3051 2802 3105 mei
2857 3054 3117 3121 pudorem
3159 3057 3344 3108 omnia
3397 3056 3477 3108 fa-

1898 3157 2020 3196 cere
2057 3162 2070 3196 :
2109 3158 2256 3197 nunc
2297 3157 2425 3197 vero
2461 3144 2504 3197 si
2539 3144 2804 3199 auxeritis
2837 3145 3121 3211 virtutem,
3151 3147 3474 3200 videbimini

1899 3245 2123 3301 propter
2165 3233 2327 3286 Deum
2371 3232 2570 3288 fecisse
2602 3249 2723 3302 quae
2769 3243 3004 3303 oportet.
3048 3253 3066 3287 ι
3101 3235 3236 3288 Cum
3279 3236 3480 3291 timore

1897 3332 1950 3376 et
1979 3333 2232 3378 tremore.
2269 3343 2289 3377 ι
2314 3323 2433 3379 Non
2465 3325 2609 3378 enim
2640 3327 2907 3395 contingit
2931 3327 3050 3381 sine
3080 3330 3389 3382 reverentia
3421 3341 3475 3383 et

1899 3415 2095 3469 timore
2139 3429 2203 3467 ac
2257 3424 2494 3468 tremore
2535 3416 2757 3484 aliquod
2804 3416 3008 3470 bonum
3062 3421 3298 3486 operari.
3328 3420 3476 3486 Quo.

1898 3505 2060 3559 modo
2095 3508 2238 3560 enim
2263 3505 2532 3574 contingit
2561 3508 2834 3561 tremere?
2856 3507 2909 3560 Si
2940 3510 3478 3566 consideraverimus

1894 3596 2038 3666 quod
2077 3597 2279 3665 ubique
2318 3598 2474 3650 adest
2508 3595 2668 3658 Deus,
2720 3599 3011 3666 omniaque
3041 3600 3193 3654 audit
3223 3611 3274 3656 et
3298 3603 3479 3656 intue-

1895 3694 1982 3738 tur
2020 3702 2032 3738 :
2078 3687 2332 3754 quodque
2370 3700 2563 3753 graves
2588 3686 2881 3753 exiguntur
2915 3688 3157 3742 rationes
3181 3705 3244 3741 ac
3279 3704 3473 3758 pinna!-

1900 3798 1917 3830 ι
1949 3778 2180 3844 Servite,
2202 3781 2400 3849 inquit,
2423 3779 2651 3833 Domino
2677 3781 2731 3832 in
2753 3780 2968 3843 timore,
2992 3790 3042 3836 et
3069 3784 3339 3838 exsultate
3370 3783 3473 3853 ipsi

1893 3871 1946 3926 in
1983 3870 2298 3924 tremore".
2339 3888 2357 3920 ι
2386 3869 2520 3924 Cum
2550 3871 2745 3925 timore
2765 3886 2827 3925 ac
2853 3879 3110 3928 tremore.
3140 3872 3307 3928 Recte
3336 3892 3352 3930 :
3388 3875 3475 3927 Si-

1892 3964 2109 4032 quidem
2131 3970 2344 4032 oportet
2367 3963 2557 4017 timere
2579 3978 2642 4017 ac
2669 3972 2900 4017 tremere
2931 3965 3059 4017 dum
3091 3966 3325 4035 quisque
3350 3981 3484 4035 pru-

1894 4056 2067 4124 priam
2114 4064 2372 4125 operatur
2404 4056 2657 4120 salutem,
2685 4057 2974 4125 nequando
3000 4057 3188 4111 fraude
3232 4058 3479 4112 circum-

1891 4153 2090 4200 ventus
2139 4147 2205 4200 ab
2247 4146 2350 4200 hac
2393 4147 2630 4202 excidat.
2663 4147 2838 4202 Varia:
2873 4159 3001 4202 sunt
3047 4150 3374 4203 tentationcs
3419 4160 3475 4204 et

1891 4233 2236 4299 afflictiones,
2259 4235 2526 4304 multique
2558 4236 2943 4290 insidiatores:
2974 4237 3062 4291 ubi
3096 4252 3228 4292 sane
3267 4240 3320 4291 in
3354 4240 3476 4308 qui-

1890 4326 2116 4380 busdam
2140 4326 2312 4394 ipsam
2332 4342 2550 4398 quoque
2566 4342 2822 4382 exercere
2843 4329 3120 4392 virtutem,
3135 4331 3470 4384 contrarium

1892 4419 2103 4488 accepit
2126 4425 2376 4472 eventum
2409 4436 2421 4472 :
2457 4420 2584 4472 dum
2610 4418 2815 4472 factum
2839 4427 2933 4473 'est
2967 4429 3346 4488 argumentum
3385 4436 3475 4474 ar-

222 4512 500 4584 σωτηρίαν
562 4508 1023 4580 κατεργάζεσθαι.
1061 4510 1225 4579 Είμὴ
1288 4511 1400 4578 γὰρ
1459 4514 1486 4563 ὁ
1535 4512 1666 4575 Θεὸς
1695 4515 1785 4565 τὸν

1896 4511 2154 4579 rogantiae
2193 4525 2257 4564 ac
2291 4511 2581 4578 superbiae.
2612 4508 2693 4563 Ob
2735 4511 2849 4563 hac
2877 4519 3089 4578 oportet
3124 4526 3371 4580 quosque
3401 4511 3475 4565 ti—

220 4605 407 4672 ἀγῶνα
453 4603 548 4656 καὶ
582 4603 683 4671 τὴν
715 4600 854 4670 μετὰ
896 4600 1062 4668 φόϐου
1093 4603 1327 4673 σπουδὴν
1356 4603 1567 4673 βλέπων
1600 4623 1792 4660 συναν-

217 4697 530 4764 τιλάϐηται,
566 4694 659 4749 καὶ
688 4693 748 4746 τὸ
781 4690 956 4744 θέλειν
987 4692 1116 4744 αὐτὸ
1143 4695 1242 4747 οὐκ
1294 4697 1374 4758 είς
1412 4695 1615 4763 ἀγαθὸν
1655 4701 1792 4752 ἀπο-

221 4793 452 4862 ϐήσεται
501 4788 676 4850 τέλος,
736 4788 830 4839 καὶ
890 4788 950 4840 τὸ
1000 4790 1243 4858 ἐνεργεῖν
1299 4791 1399 4842 οὐκ
1453 4791 1519 4843 ἂν
1575 4791 1790 4861 κριθείη

218 4882 419 4955 πρᾶξις
467 4879 668 4949 ἀγαθή.
722 4877 981 4947 Ἠθέλησε
1034 4879 1142 4949 γὰρ
1179 4879 1209 4931 δ
1246 4880 1383 4932 Κάῖν
1438 4880 1626 4933 θυσίαν
1674 4882 1793 4953 Θεῷ

220 4974 617 5046 προσαγαγεῖν,
654 4971 889 5040 πρᾶγμα
919 4969 1158 5038 θελήσας
1193 4973 1315 5023 τότε
1363 4973 1599 5041 μάλιστα
1631 4976 1790 5028 ἐπαι-

219 5070 392 5130 νετὸν,
425 5067 519 5119 καὶ
567 5065 892 5134 ἐνήργησεν.
923 5063 1120 5115 Ἐθυσε
1179 5065 1286 5134 γάρ
1311 5081 1325 5096 ο
1363 5065 1478 5118 ἀλλ’
1509 5067 1792 5138 οὐδέτερον

218 5155 494 5227 ἀπεδέχθη
538 5155 692 5224 παρά
735 5155 892 5208 Θεοῦ.
928 5156 1002 5207 Οὐ
1058 5156 1166 5226 γὰρ
1193 5150 1260 5226 ἦν
1290 5158 1428 5226 μετά
1480 5159 1645 5228 φόϐου
1688 5162 1794 5214 ικαὶ

219 5250 446 5320 τρόμου.
504 5245 596 5297 Διὸ
639 5245 757 5297 οὐδὲ
799 5244 1224 5297 συναντελάϐετο
1253 5245 1313 5297 τὸ
1352 5246 1514 5310 θεῖον,
1569 5247 1679 5300 οὐδ’
1713 5250 1793 5312 είς

216 5342 374 5404 τέλος
397 5337 544 5408 αὐτῷ
568 5338 743 5392 ταῦτα
774 5337 935 5407 ἐξέϐη
967 5338 1221 5408 χρηστόν.
1258 5337 1428 5401 Αὐτὸς
1457 5338 1511 5390 δὲ
1552 5340 1792 5408 ἐνεργεῖν

222 5451 358 5506 φησι
389 5433 480 5486 τὸν
522 5431 654 5486 Θεὸν
701 5430 948 5494 εἰκότως.
987 5430 1099 5482 Καὶ
1136 5430 1245 5499 γὰρ
1293 5429 1791 5501 συναντιλαμϐανό-

227 5542 387 5598 μενος
420 5523 600 5594 ἡμῶν,
634 5521 796 5584 αὐτός
830 5522 975 5572 ἐστιν
1002 5522 1028 5573 ὁ
1057 5519 1276 5572 τελειῶν
1325 5520 1421 5574 καὶ
1461 5522 1621 5572 οἱονεὶ
1652 5538 1784 5591 μορ·

224 5616 466 5695 ςοποιῶν
496 5614 596 5685 τὴν
633 5613 910 5684 ἡμετέραν
967 5613 1059 5666 καὶ
1110 5611 1331 5682 θέλησιν
1359 5613 1452 5664 καὶ
1483 5613 1784 5681 ἐνέργειαν.

295 5797 340 5833 ﬂ
383 5787 573 5852 Matth.
604 5811 792 5863 sum,
835 5796 920 5851 l8.
1005 5799 1045 5829 ”
1096 5793 1284 5850 Matth.
1315 5809 1428 5858 vm,
1463 5792 1551 5848 29.
1635 5794 1676 5826 ⁸³
1705 5791 1847 5848 Psal.
1889 5807 1947 5859 ιι,
1997 5791 2080 5845 ll.

1895 4612 2103 4658 mentes
2116 4617 2178 4656 ac
2197 4609 2494 4656 trementes
2517 4617 2668 4657 suam
2684 4603 2899 4671 operari
2922 4601 3173 4657 salutem.
3191 4602 3304 4658 Nisi
3323 4605 3467 4656 enim

1897 4693 2040 4748 Deus
2088 4694 2280 4748 videns
2329 4701 2604 4747 certamen
2669 4691 3020 4760 studiumque
3069 4708 3192 4746 cum
3246 4693 3464 4757 timore,

1896 4784 2158 4852 adjuvet:
2188 4797 2288 4838 nec
2333 4782 2514 4852 ipsum
2560 4782 2715 4846 velle,
2745 4783 2902 4834 linem
2937 4781 3144 4836 bonum
3185 4784 3465 4848 sortietur,

1899 4889 1999 4927 nec
2029 4874 2210 4943 ipsum
2243 4873 2456 4943 Operari
2487 4874 2625 4926 bona
2656 4872 2800 4926 actio
2827 4871 3064 4940 iudicari
3099 4874 3316 4939 poterit.
3353 4870 3461 4927 Vo-

1899 4967 1999 5020 luit
2027 4981 2258 5035 namque
2284 4964 2414 5019 Cain
2443 4963 2770 5019 sacriﬁcium
2798 4965 2903 5018 Deo
2932 4964 3127 5019 offerre
3147 4964 3214 5028 ιδ,
3239 4980 3350 5019 rem
3371 4979 3467 5019 vo-

1893 5057 2009 5112 lens
2034 5072 2155 5126 quae
2185 5065 2314 5110 tunc
2333 5057 2567 5110 maxime
2591 5057 2875 5112 laudabilis
2905 5065 3061 5122 erat;
3094 5064 3148 5110 et
3172 5061 3466 5112 exsecutus

1894 5158 2014 5214 est;
2049 5149 2382 5204 sacriﬁcavit
2407 5147 2551 5201 enim
2587 5165 2601 5200 :
2635 5148 2731 5203 sed
2765 5156 3018 5202 neutrum
3050 5149 3154 5201 Deo
3181 5155 3468 5216 acceptum

1895 5239 2021 5306 fuit,
2062 5239 2333 5310 siquidem
2377 5253 2488 5291 non
2541 5246 2659 5292 erat
2693 5255 2814 5292 cum
2861 5237 3057 5292 tin'nore
3097 5251 3161 5292 ac
3203 5245 3462 5292 tremore.

1893 5330 2022 5384 ideo
2065 5344 2242 5398 neque
2284 5327 2531 5381 divinum
2577 5327 2787 5396 accepit
2825 5328 3108 5390 auxilium,
3141 5340 3317 5395 neque
3350 5327 3470 5382 haec

1896 5423 1949 5476 in
1986 5421 2334 5478 commodum
2386 5421 2544 5473 linem
2587 5419 2661 5472 illi
2689 5428 3099 5489 processerunt.
3133 5417 3324 5473 Merito
3362 5433 3466 5471 au-

1896 5525 2002 5570 tem
2039 5514 2205 5570 Deum
2257 5513 2333 5566 ait
2373 5513 2586 5581 operari
2620 5513 2933 5582 :siquidcm
2971 5512 3085 5580 ipse
3114 5520 3197 5566 est
3229 5509 3468 5566 auxilia-

1901 5619 1986 5662 tor
2017 5612 2222 5670 noSter,
2255 5604 2369 5674 ipse
2407 5605 2496 5673 qui
2531 5603 2744 5671 perlicit
2768 5613 2820 5660 et
2851 5602 3015 5659 veluti
3052 5603 3280 5659 formam
3313 5601 3466 5657 addit

2168 5790 2209 5821 ιδ
2241 5788 2378 5844 Ccn.
2415 5801 2493 5850 iv,
2529 5784 2550 5836 l
2584 5796 2735 5850 seqq.
