4216 6450
302 429 437 491 ἶῖςθ

296 546 451 614 φησὶ.

293 636 628 707 προσφέρειν
660 632 881 705 Χριστῷ
900 633 981 703 (τὸ
998 632 1106 703 γὰρ
1134 631 1275 702 ὑπὲρ
1310 633 1547 702 Χριστοῦ
1567 635 1882 699 ἀποθανεῖν,

297 730 495 781 θυσίαν
529 728 678 781 ἐστὶν
712 728 904 779 ἑαυτὸν
960 727 1326 797 προσενέγκαι
1381 727 1657 798 Χριστῷ),
1686 727 1881 797 χαίρω,

293 823 477 891 φησίν.
523 822 597 872 Οὐ
642 820 799 872 τοῦτο
828 819 885 872 δὲ
914 813 1091 881 εἷπεν,
1131 818 1207 882 ὡς
1241 817 1334 870 νῦν
1355 819 1723 888 ἀποθνήσκειν
1757 820 1885 889 μέλ-

293 914 421 979 λων,
481 913 620 966 ἀλλὰ
675 913 736 965 τὸ
783 912 1011 981 ὓστερον
1062 911 1320 979 ἐσόμενον
1352 910 1758 979 προεξηγεῖται,
1791 912 1885 965 καὶ

291 1004 816 1074 προπαραμυθεῖται
842 1002 969 1065 τοὺς
1010 1001 1281 1071 μαθητάς,
1318 1002 1531 1064 δεικνὺς
1570 1002 1645 1064 ὡς
1686 1003 1745 1054 οὐ
1776 1004 1883 1073 χρὴ

290 1095 582 1147 λυπεῖσθαι
635 1094 729 1144 ἐπὶ
783 1096 848 1163 τῇ
903 1093 1126 1160 τελευτῇ
1181 1094 1517 1161 αὐτοῠ,ἧτις
1549 1094 1624 1155 ὡς
1680 1094 1883 1163 σπονδὴ

292 1192 386 1241 καὶ
416 1188 577 1240 θυσία
608 1189 949 1257 προσάγεται
984 1185 1225 1257 Χριστῷ,
1255 1186 1393 1239 ἀλλὰ
1446 1188 1539 1237 καὶ
1572 1188 1805 1256 χαίρειν.

376 1408 527 1461 Ἀλλ’
568 1410 621 1461 εἰ
656 1408 750 1461 καὶ
782 1407 1122 1476 σπένδομαι
1152 1407 1250 1460 ἐπὶ
1285 1407 1358 1476 τῇ
1391 1412 1573 1475 θυσίᾳ
1631 1424 1729 1461 και
1761 1419 1883 1463 ,ιειο

291 1501 535 1569 τουργίᾳ
570 1499 679 1565 τῆς
707 1501 967 1565 πίστεως
1000 1498 1189 1566 ὑμῶν,
1216 1500 1401 1567 χαῲω
1430 1499 1528 1552 καὶ
1578 1503 1884 1570 συγχαίρω

290 1591 485 1643 πᾶσιν
532 1590 697 1659 ὑμῖν.
756 1593 824 1645 Τὸ
871 1589 923 1643 δ’
951 1588 1097 1644 αὐτὸ
1154 1588 1253 1641 καὶ
1303 1588 1473 1659 ὑμεῖς
1506 1593 1742 1659 χαίρετε
1783 1593 1880 1646 καὶ

292 1681 659 1752 συγχαίρετέ
686 1700 808 1751 μοι.

365 1821 567 1892 [ΦΩΤ.]
604 1822 677 1873 Τὸ
702 1822 901 1891 χωρίον
937 1822 1118 1886 τοῦτο,
1162 1821 1302 1894 ἢὼς
1347 1831 1398 1876 οι
1444 1823 1552 1891 πρὸ
1596 1823 1752 1891 ἡμῶν
1801 1825 1883 1888 ἐξ·

1342 427 1731 488 ΕΟΜΜΕΝΤ.
1771 427 1848 487 ΙΝ
1893 428 2127 488 EPIST.
2167 429 2264 487 AD
2290 429 2573 490 PIIILIP.

501 543 593 595 καὶ
632 534 743 594 οἷον
775 540 966 593 θυσίαν
1010 539 1198 610 μάλλω
1233 540 1327 592 καὶ
1376 541 1605 611 σπονδὴν
1651 542 1874 612 ἐμαυτδη

1994 549 2099 604 est,
2126 555 2440 612 quanquam
2471 544 2694 607 moriar,
2719 552 2771 598 et
2801 544 2964 599 veluti
2999 543 3273 600 victimam
3305 549 3572 619 meipsum

3434 435 3573 506 1290

1991 634 2095 689 sim
2128 635 2418 689 oblaturus
2452 634 2670 689 Christo
2714 640 2859 706 (nam
2904 652 3002 708 pro
3027 638 3253 695 Christo
3302 643 3463 707 mori,
3490 653 3575 699 est

1991 726 2233 796 scipsum
2258 728 2537 782 victimam
2562 727 2758 784 offerre
2776 729 3045 802 Christo),
3076 732 3311 801 gaudeo,
3341 733 3574 789 ait.Non

1990 819 2128 872 dixit
2179 830 2358 874 autem
2415 824 2517 875 hoc
2570 822 2717 892 quod
2778 839 2925 877 nunc
2976 826 3049 879 sit
3102 827 3432 890 moriturus,
3480 829 3577 882 sed

1990 911 2138 981 quod
2175 913 2523 980 postmodum
2570 915 2815 969 futurum
2843 923 2929 971 est
2956 918 3305 983 praenuntiat,
3333 928 3388 972 ct
3416 929 3576 974 antea

1991 1004 2298 1074 discipulos
2329 1008 2651 1061 consolatur
2689 1027 2702 1062 :
2736 1008 3039 1064 ostendens
3074 1008 3220 1078 quod
3265 1025 3371 1065 n0n
3401 1026 3579 1078 opor-

1991 1103 2102 1148 teat
2156 1096 2469 1149 contristari
2530 1097 2600 1149 ob
2648 1108 2877 1151 mortem
2928 1100 3126 1166 ipsius,
3175 1098 3266 1168 qui
3318 1105 3576 1166 tanquam

1988 1186 2322 1243 sacrificium
2361 1198 2414 1240 et
2450 1189 2657 1243 oblatio
2706 1189 2932 1244 olfertur
2967 1190 3216 1255 Christo,
3259 1188 3353 1243 sed
3396 1189 3578 1258 potius

1988 1284 2241 1353 gaudere.

2062 1418 2121 1483 ll,
2154 1420 2351 1484 17,18.
2398 1420 2705 1485 Quinetiam
2737 1422 2784 1475 si
2823 1422 3072 1476 immolor
3109 1439 3267 1491 super
3308 1426 3577 1494 sacriﬁcio

1987 1517 2034 1561 et
2066 1508 2333 1563 oblatione
2363 1511 2490 1577 ﬁdei
2518 1519 2723 1574 vestrm,
2756 1510 2959 1578 gaudeo
2990 1524 3038 1565 et
3076 1513 3380 1583 congaudeo
3408 1517 3581 1569 omni-

1989 1600 2083 1653 bus
2116 1600 2281 1656 vobis.
2314 1602 2390 1657 0b
2425 1603 2657 1667 idipsum
2693 1612 2868 1657 autem
2896 1611 2943 1656 et
2980 1620 3063 1657 vos
3104 1606 3325 1673 gaudete
3356 1624 3417 1661 ac
3454 1623 3579 1662 con-

1987 1692 2212 1759 gaudete
2253 1692 2397 1746 mihi.

2062 1826 2337 1880 l‘articula
2374 1827 2487 1879 haec
2532 1836 2623 1880 aut
2661 1826 3015 1896 intelligenda
3051 1834 3134 1882 est
3162 1828 3307 1882 sicut
3343 1830 3581 1898 majores

288 1914 574 1982 ηγήσαντο
596 1913 915 1983 ὲκληπτέον,
936 1914 968 1985 ἢ
990 1916 1084 1968 καὶ
1103 1912 1297 1977 οὕτως·
1332 1914 1472 1968 Ἀλλ’
1495 1917 1542 1967 εἰ
1569 1915 1663 1967 καὶ
1688 1915 1874 1984 θύομαι

1998 1918 2169 1971 nostri
2231 1917 2575 1986 interpretati
2630 1925 2779 1984 sunt,
2834 1928 2926 1971 aut
2981 1919 3083 1972 hoc
3136 1920 3300 1974 etiam
3349 1920 3513 1975 modo
3560 1934 3578 1974 :

290 2006 383 2058 διὰ
421 2006 519 2075 τὴν
554 2005 750 2058 θυσίαν
785 2007 878 2058 καὶ
913 2006 1264 2077 λειτουργίαν
1295 2006 1395 2076 τῆς
1430 2008 1666 2069 πίστεως
1706 2008 1880 2076 ὑμῶν,

292 2106 358 2169 ἣν
412 2100 750 2171 ἱερουργησα
801 2098 880 2168 τῷ
932 2098 1074 2168 Θεῷ,
1136 2100 1313 2169 χαίρω
1353 2100 1452 2168 μὲν
1510 2100 1586 2163 ὡς
1641 2099 1877 2168 ἀληθῶς.

290 2194 446 2264 Χαρὰ
488 2194 595 2263 γὰρ
620 2192 967 2257 διδασκάλου,
1004 2194 1035 2259 ή
1063 2192 1171 2243 τῶν
1198 2191 1654 2261 μαθητευθέντων
1680 2192 1882 2243 τελειό-

286 2304 409 2356 της,
448 2285 741 2355 Συγχαίρω
776 2284 855 2350 δὲ,
880 2285 961 2336 ὅτι
996 2284 1091 2336 καὶ
1116 2285 1273 2336 αὐτοὶ
1304 2283 1672 2354 τελειοὺμενοι
1707 2285 1882 2356 χαρᾶς

286 2378 593 2432 ἀπολαύετε
626 2378 911 2446 μεγίστης.
942 2378 1105 2429 Ὥστε
1130 2376 1240 2444 ἐγὼ
1274 2377 1374 2446 μὲν
1397 2376 1483 2429 διὰ
1514 2376 1672 2429 τοῦτο
1703 2378 1880 2447 χαίρω

287 2473 382 2525 καὶ
418 2473 703 2540 συγχαίρω
756 2470 906 2539 ὑμῖν,
942 2470 1038 2521 καὶ
1087 2469 1245 2537 ὑμεῖς
1272 2468 1330 2521 δὲ
1369 2468 1612 2537 ὀφείλετε
1644 2468 1873 2538 χαίρειν,

284 2567 368 2618 ὃτι
399 2563 614 2631 γίνεσθε
655 2564 712 2613 ὲν
753 2562 1081 2630 τελειότητι,
1115 2560 1209 2612 καὶ
1259 2562 1580 2630 συγχαίρειν
1618 2563 1765 2628 ἐμοὶ,
1794 2562 1877 2613 ὅτι

284 2652 599 2723 ηὖφράνατε
631 2650 720 2704 τὸν
750 2650 1092 2704 διδάσκαλον.
1116 2652 1277 2703 Δοκεῖ
1294 2650 1349 2702 δὲ
1374 2649 1501 2713 ἴσως
1524 2650 1605 2703 τό·
1622 2668 1639 2698 ι
1666 2650 1804 2702 Ἀλλ’
1830 2652 1878 2703 εἰ

285 2747 382 2798 καὶ
406 2744 729 2812 σπένδομαι,
762 2763 781 2794 ι
821 2742 1030 2795 ἔννοιαν
1064 2743 1446 2811 παρεισάγειν,
1479 2744 1560 2793 ὅτι
1588 2744 1636 2793 εί
1679 2744 1751 2811 μὴ
1784 2743 1876 2795 ἐπὶ

283 2840 349 2905 τῇ
386 2835 547 2904 θυσίᾳ
580 2834 762 2887 αὐτῶν
790 2834 1105 2897 ἐσπένδετο,
1141 2833 1392 2886 ἐλυπεῖτο
1441 2834 1527 2888 ἄν.
1566 2833 1737 2886 Τοῦτο
1769 2836 1873 2905 γάρ

283 2928 575 2994 ὑποφαίνει
610 2929 637 2979 ὁ
661 2925 754 2978 τοῦ
776 2926 939 2992 λόγου
967 2926 1376 2995 σχηματισμός.
1407 2927 1516 2979 Καί
1556 2943 1757 2994 φαμεν,
1790 2928 1871 2978 ὅτι

282 3019 404 3071 οὐδὲ
437 3018 595 3070 τοῦτο
626 3019 848 3070 ἄτοπον.
884 3018 945 3069 Εἰ
980 3017 1088 3085 γὰρ
1134 3017 1297 3079 αὐτὸς
1330 3019 1545 3086 προέφη
1575 3018 1872 3085 ἀναγκαιό-

282 3128 441 3179 τερον
472 3111 725 3177 ἡγεῖσθαι
765 3110 827 3161 τὸ
859 3108 1142 3177 ἐπιμένειν
1170 3109 1333 3163 αὐτὸν
1362 3112 1427 3179 τῇ
1462 3111 1628 3179 σαρκὶ
1657 3110 1745 3161 διὰ
1771 3111 1869 3179 τὴν

284 3199 570 3270 προκοπὴν
606 3200 700 3253 καὶ
749 3200 848 3269 τὴν
890 3200 1173 3253 τελείωσιν
1198 3200 1309 3252 τῶν
1342 3199 1624 3269 μαθητῶν,
1655 3201 1868 3263 πάντως

281 3289 351 3343 ἂν
400 3289 649 3359 ἐλυπήθη
712 3289 997 3357 θυόμενος,
1044 3291 1286 3350 ἐκείνους
1342 3290 1512 3358 μήπω
1556 3289 1871 3353 τελειώσας,

284 3379 422 3449 μηδὲ
453 3380 553 3449 τὴν
586 3378 772 3431 πίστιν
796 3379 978 3433 αὐτῶν
1008 3379 1083 3441 ὼς
1113 3379 1306 3431 θυσίαν
1332 3379 1472 3448 ἔχων
1512 3381 1607 3433 καὶ
1637 3381 1881 3449 λειτουρ-

284 3474 412 3540 γίαν
438 3474 809 3543 προσαγαγεῖν
836 3471 911 3540 τῷ
940 3471 1180 3540 Χριστῷ.
1204 3500 1272 3509 -
1289 3472 1400 3524 Καὶ
1420 3471 1625 3537 ἄλλως
1654 3472 1744 3525 δέ.
1769 3474 1878 3541 Οὐχ

281 3562 467 3625 ἁπλῶς
500 3561 565 3615 ἂν
599 3560 895 3631 ᾑρετίσατο
946 3559 1195 3623 θύεσθαι,
1222 3561 1269 3612 εἰ
1299 3560 1376 3630 μὴ
1404 3560 1489 3627 ἐφ’
1512 3557 1556 3626 ᾧ
1596 3562 1877 3621 σπουδαῖος

282 3656 373 3706 καὶ
403 3653 605 3723 θερμὸς
654 3650 834 3720 κήρυξ
883 3649 982 3722 τῆς
1046 3651 1282 3710 πίστεως
1334 3653 1547 3719 γέγονε,
1581 3654 1677 3705 καὶ
1710 3653 1795 3723 ἐφ’
1836 3648 1879 3720 ᾧ

283 3750 411 3807 τοὺς
474 3745 723 3813 μαθητὰς
773 3741 947 3804 οὕτως
1007 3744 1367 3811 κατήρτισεν,
1428 3743 1572 3797 ὥστε
1621 3745 1877 3799 δύνασθαι

283 3839 467 3893 αὐτῶν
502 3839 575 3899 ὡς
607 3836 800 3890 θυσίαν
828 3837 923 3887 καὶ¹
972 3836 1321 3905 λειτουργίαν
1354 3837 1453 3907 τὴν
1476 3838 1663 3890 πίστιν
1702 3857 1876 3910 προσ-

280 3930 436 3996 άγειν
474 3928 552 3996 τῷ
600 3925 738 3996 Θεῷ.
786 3927 842 3977 Ὀ
876 3924 984 3993 γὰρ
1031 3925 1118 3977 διὰ
1157 3926 1330 3978 ταῦτα
1382 3926 1663 3997 θυόμενος,
1720 3926 1873 3993 οὗτος

281 4024 357 4084 ὡς
391 4021 606 4091 ἀληθῶς
664 4020 847 4089 χαίρει
895 4018 990 4069 καὶ
1038 4018 1334 4085 ἀγάλλεται
1371 4020 1652 4090 θυόμενος.
1686 4024 1871 4085 Οὐδεὶς

281 4116 391 4183 γὰρ
422 4113 600 4183 μάτην
636 4112 873 4181 αἱρεῖται
913 4110 1264 4179 σφάττεσθαι.
1290 4141 1360 4151 -
1387 4111 1658 4165 Ars-ater
1679 4112 1745 4164 ea
1776 4113 1874 4165 καὶ

281 4206 471 4268 οὕτως
505 4209 516 4220 ’
561 4202 872 4270 Σπένδομαι
934 4206 1029 4254 νῦν
1082 4208 1194 4265 τοῖς
1235 4208 1563 4275 πειρασμοῖς
1610 4207 1701 4257 καὶ¹
1752 4210 1871 4271 ταῖς

283 4297 519 4364 θλίψεσι.
553 4297 663 4347 Καὶ
689 4293 797 4363 γὰρ
838 4293 1076 4363 ἀλλαχοῦ
1110 4311 1264 4364 φησι,
1293 4296 1461 4348 (Καθ’
1491 4298 1701 4367 ἡμέραν
1730 4303 1867 4352 ἀπο-

284 4390 524 4457 θνῄσκω.
555 4406 572 4438 ι
619 4384 761 4439 Ἀλλ’
821 4386 870 4437 εἰ
924 4386 1019 4438 καὶ
1056 4386 1277 4455 θύομαι,
1315 4389 1505 4456 ιφησὶ,
1534 4392 1645 4452 τοῖς
1677 4404 1867 4460 πειρα-

285 4482 443 4548 σμοῖς
508 4479 603 4531 xui.
664 4480 783 4539 ταῖς
841 4476 1056 4545 Θλίψεσι
1123 4477 1334 4548 (δεσμὰ
1391 4479 1499 4549 γὰρ
1558 4481 1869 4551 περιέκειτο

1994 2012 2305 2078 Quinetiam
2355 2012 2399 2065 si
2452 2012 2707 2065 immolor
2748 2027 2918 2081 super
2965 2011 3145 2067 hostia
3196 2014 3582 2083 sacrificioque

1992 2103 2116 2157 tidci
2148 2113 2341 2157 vestrae
2365 2120 2527 2173 quam
2559 2104 2613 2158 in
2647 2104 2979 2159 Sacrificium
3007 2104 3181 2160 obtuli
3215 2104 3344 2169 Deo,
3371 2108 3582 2177 gaudeo

1991 2210 2051 2247 re
2100 2210 2228 2247 vera
2271 2212 2283 2246 :
2319 2210 2442 2248 nam
2498 2196 2851 2264 praeceptoris
2898 2196 3158 2265 gaudium
3199 2206 3284 2251 est
3317 2197 3582 2266 perfectio

1991 2285 2389 2356 discipulorum
2426 2306 2439 2341 :
2479 2287 2802 2356 congaudeo
2847 2302 2978 2340 vero
3018 2287 3163 2356 quod
3218 2298 3270 2342 et
3315 2303 3412 2343 vos
3451 2304 3580 2359 pcr-

1991 2379 2118 2434 fecti
2151 2381 2389 2433 maximo
2424 2379 2683 2433 fruamini
2729 2378 2951 2449 gaudio.
2985 2378 3174 2450 Itaque
3211 2395 3313 2452 ego
3357 2382 3579 2451 quidem

1990 2483 2212 2542 propter
2258 2473 2363 2527 hoc
2416 2474 2630 2543 gaudeo
2673 2483 2726 2528 et
2760 2473 3080 2543 congaudco
3130 2474 3309 2528 vobis.
3358 2474 3426 2528 Et
3478 2490 3578 2531 vos

1990 2575 2171 2619 autem
2213 2566 2452 2635 gaudere
2493 2566 2727 2629 debetis,
2754 2565 2901 2636 quod
2936 2566 2990 2619 in
3039 2565 3374 2635 perfectione
3409 2569 3576 2624 sitis:

1987 2665 2038 2710 ct
2088 2656 2434 2726 congaudere
2489 2657 2658 2722 mihi,
2715 2657 2859 2727 quod
2916 2664 3306 2726 prmeeptorem
3361 2659 3579 2714 exhila-

1986 2748 2262 2802 raveritis.
2297 2747 2574 2802 Fortassis
2609 2756 2788 2801 autem
2832 2748 3040 2802 dictum
3108 2749 3240 2803 illud
3280 2768 3291 2803 :
3332 2768 3351 2801 ι
3403 2750 3579 2816 Quin—

1982 2843 2147 2897 etiam
2174 2842 2217 2895 si
2246 2842 2520 2905 immolor,
2549 2860 2566 2894 ι
2593 2841 3031 2896 benevolentiam
3053 2858 3163 2912 prae
3184 2859 3242 2899 se
3262 2843 3401 2900 ferre
3435 2845 3581 2901 vidc-

1984 2941 2109 2996 tur;
2152 2932 2298 3002 quod
2336 2932 2380 2986 si
2431 2948 2537 2986 non
2579 2932 2650 2987 ob
2700 2933 3031 2987 sacrificium
3083 2934 3328 3003 ipsorum
3386 2936 3580 2990 immo-

1983 3027 2125 3077 latus
2166 3023 2382 3086 fuisset,
2432 3031 2580 3076 certc
2626 3024 2990 3078 contristatus
3033 3022 3251 3079 fuisset.
3291 3025 3424 3079 Nam
3473 3029 3579 3081 hoc

1980 3115 2297 3169 subindicat
2346 3116 2518 3169 series
2569 3118 2863 3170 sermonis.
2895 3116 2958 3169 Et
3003 3118 3241 3173 dicimus
3283 3123 3429 3188 quod
3468 3121 3572 3174 hoc

1982 3207 2281 3261 absurdum
2313 3222 2420 3260 non
2450 3216 2554 3261 est.
2597 3207 2655 3260 Si
2692 3208 2839 3262 enim
2874 3209 2993 3276 ipse
3027 3209 3279 3279 praedixit
3308 3228 3366 3267 se
3398 3212 3571 3283 magis

1994 3298 2369 3353 necessarium
2406 3298 2630 3360 ducere,
2660 3307 2719 3352 ut
2757 3300 2812 3353 in
2858 3315 3023 3356 carne
3057 3310 3404 3371 permaneret
3448 3319 3577 3375 pro-

1994 3396 2115 3459 pter
2144 3389 2449 3458 profectum
2486 3400 2539 3445 et
2579 3389 2971 3459 perfectionem
3002 3392 3422 3463 discipulorum,
3456 3404 3577 3449 om-

1990 3482 2119 3534 nino
2148 3496 2284 3535 sane
2313 3482 2677 3536 contristatus
2710 3484 2925 3546 fuisset,
2957 3486 3001 3538 si
3029 3486 3346 3543 immolatus
3378 3487 3573 3543 fuisset

1989 3573 2144 3638 prius
2172 3588 2337 3641 quam
2368 3575 2643 3641 perfectos
2669 3589 2766 3628 eos
2797 3575 3129 3631 reddidisset
3160 3594 3174 3630 :
3205 3594 3381 3646 neque
3416 3579 3576 3635 fidem

1989 3665 2229 3733 ipsorum
2296 3666 2407 3735 87
2478 3676 2737 3735 tanquam
2790 3668 3068 3723 victimam
3132 3676 3186 3723 et
3242 3671 3573 3727 oblationem

1986 3759 2205 3815 Christo
2238 3760 2440 3814 oﬂ‘erre
2472 3760 2844 3831 potuisset.-—
2866 3763 3129 3818 Prteterea
3155 3773 3204 3819 et
3232 3767 3340 3819 alio
3366 3768 3523 3822 modo
3554 3784 3573 3821 :

1985 3850 2103 3906 Non
2157 3852 2482 3922 simpliciter
2520 3853 2794 3907 immolari
2839 3855 3025 3924 elegit,
3063 3856 3168 3911 nisi
3201 3858 3329 3927 quia
3373 3860 3576 3928 probus

1983 3952 2036 3995 et
2075 3941 2296 3996 fervens
2326 3942 2447 3997 fidei
2489 3942 2816 4011 praedicator
2844 3954 2962 3999 erat
2991 3962 3003 3997 :
3033 3954 3086 3998 ct
3114 3948 3243 4015 quia
3273 3947 3577 4019 discipulos

1983 4032 2121 4086 adeo
2156 4032 2489 4102 perfecerat,
2522 4042 2581 4087 ut
2616 4043 2799 4102 posset
2835 4036 3080 4104 ipsorum
3115 4036 3273 4092 fidem
3315 4047 3574 4109 tanquam

1982 4126 2318 4181 sacrificium
2375 4141 2439 4181 ac
2494 4109 2830 4181 oblationem
2876 4128 2990 4183 ι)εο
3043 4128 3261 4184 offerre.
3293 4129 3429 4184 Nam
3479 4134 3576 4202 qui

1982 4234 2205 4294 propter
2230 4224 2344 4278 haec
2382 4224 2721 4290 immolatur,
2742 4225 2830 4279 hic
2865 4242 2994 4282 vere
3017 4227 3219 4297 gaudet
3250 4235 3303 4284 et
3336 4231 3577 4285 exsultat

1950 4364 1952 4367 _
1981 4316 2319 4369 immolatus.
2340 4312 2535 4368 Nullus
2557 4321 2701 4369 enim
2721 4314 2924 4369 frustra
2943 4316 3106 4387 elegit
3123 4318 3577 4387 jugulati—Po-

1980 4416 2079 4461 test
2118 4418 2297 4460 autem
2344 4414 2392 4458 et
2436 4407 2534 4460 hoc
2569 4406 2726 4459 modo
2774 4406 2925 4460 dici:
2962 4408 3224 4462 Itnmolor
3260 4425 3408 4465 nunc
3451 4420 3575 4466 ten-

1979 4497 2284 4551 tationibus
2345 4505 2399 4549 et
2453 4495 2866 4552 afﬂictionibus.
2912 4498 3196 4567 Siquidem
3249 4499 3378 4554 alibi
3426 4501 3505 4554 ait
3557 4516 3573 4554 :

281 4576 479 4645 αὐτῷ),
513 4575 626 4629 ἀλλ’
658 4570 751 4627 οὖν
780 4576 873 4628 ἐπὶ
924 4577 991 4644 τῇ
1044 4574 1209 4646 θυσίᾳ
1262 4575 1356 4627 καὶ
1421 4576 1731 4647 λειτουργία
1772 4581 1868 4648 τῆς

1985 4608 2002 4640 ι
2022 4588 2279 4654 Quotidie
2293 4589 2496 4641 morior
2516 4588 2578 4642 “’.
2595 4606 2613 4638 ›
2644 4584 2749 4642 Sed
2770 4604 3087 4657 quanquam
3111 4590 3577 4649 tentationibusct

282 4669 517 4729 πίστεως
534 4667 687 4736 ὑμῶν
699 4666 895 4736 χαίρω,
917 4668 1010 4718 καὶ
1039 4666 1166 4734 ἑξῆς
1195 4669 1338 4722 -Ἦ
1355 4658 1453 4720 κάξ
1480 4668 1671 4735 οὕτως
1694 4685 1708 4700 ο
1729 4670 1869 4722 Ἀλλ’

279 4758 374 4813 οἷν
401 4761 481 4812 ὅτι
523 4761 615 4811 ἐπὶ
664 4763 731 4828 τῇ
771 4758 959 4827 θυσίᾳ,
993 4760 1298 4823 τουτέστιν,
1340 4760 1527 4813 ’ένεκεν
1563 4761 1715 4832 ὑμῶν
1770 4767 1863 4817 καὶ

281 4853 375 4904 τοῦ
400 4854 478 4914 εἰς
503 4853 645 4920 ὑμᾶς
679 4849 1059 4921 κηρύγματος,
1081 4850 1276 4921 χαίρω,
1315 4852 1411 4903 καὶ
1457 4853 1606 4921 ἑξῆς..
1628 4852 1751 4906 Ἐπὶ
1797 4858 1863 4925 τῇ

284 4946 469 5014 θυσία.
496 4963 512 4993 ›
545 4944 605 4995 Εἰ
625 4944 721 4996 καὶ
745 4943 1002 5007 τελευτῶ,
1024 4944 1179 5013 φησὶ,
1204 4944 1297 4996 καὶ
1325 4944 1653 5015 σπένδομαι,
1686 4947 1864 5017 χαίρω

282 5037 373 5087 καὶ
426 5035 706 5105 συγχαίρω
769 5036 863 5087 ἐπὶ
919 5039 984 5106 τῇ
1035 5035 1195 5105 θυσίᾳ
1257 5037 1351 5087 καὶ
1404 5036 1718 5107 λειτουργία
1764 5040 1863 5107 τῆς

282 5128 518 5189 πίστεως
581 5127 758 5195 ὑμῶν,
813 5128 1083 5189 τουτέστι,
1134 5127 1308 5197 χαίρω
1350 5128 1551 5182 ὄτικαὶ
1604 5131 1744 5198 ὑμᾶς
1790 5128 1866 5192 ὡς

282 5220 472 5272 θυσίαν
509 5220 602 5271 καὶ
660 5219 1007 5287 λειτουργίαν
1048 5225 1344 5289 προσφέρω
1374 5221 1630 5291 Χριστᾷν
1666 5222 1867 5290 μᾶλλον

278 5312 334 5363 δὲ
363 5310 656 5380 οὐχ’ὑμᾶς,
685 5310 823 5362 ἀλλὰ
862 5310 960 5380 τὴν
993 5310 1173 5363 πίστιν
1228 5311 1404 5379 ὑμῶν,
1436 5312 1511 5373 ὡς
1553 5313 1743 5365 θυσίαν
1777 5315 1871 5365 καὶ

279 5403 625 5472 λειτουργίαν
648 5403 965 5473 προσφέρω.
1004 5402 1197 5472 Χαίρω
1248 5399 1361 5468 οὖν,
1389 5404 1472 5456 ὅτι
1504 5403 1613 5470 ἐγὼ
1647 5405 1872 5458 σπένδο-

282 5510 381 5562 μαι
409 5510 423 5523 ο
466 5494 747 5564 συγχαίρω
796 5494 854 5545 δὲ
899 5493 995 5546 καὶ
1045 5496 1196 5564 ὑμῖν,
1219 5497 1298 5547 ὅτι
1350 5496 1449 5565 τὴν
1495 5498 1677 5549 πίστιν
1719 5498 1872 5567 ὑμῶν

278 5588 355 5649 ὡς.
406 5587 598 5638 θυσίαν
647 5588 741 5639 καὶ
786 5586 1129 5656 λειτουργίαν
1163 5590 1499 5660 προσφέρειν
1532 5590 1711 5660 μέλλω
1739 5592 1875 5661 Χρι-

282 5681 417 5750 στῷ.
445 5699 461 5730 ι
497 5679 729 5749 Χαίρετε
777 5680 872 5733 καὶ
906 5680 1233 5751 συγχαίρετέ
1291 5699 1402 5752 μοι.
1438 5702 1455 5733 ι
1503 5682 1625 5735 Ἐπὶ
1653 5682 1754 5751 μὲν
1802 5686 1869 5753 τῇ

353 5861 395 5892 ⁸⁵
441 5860 455 5912 Ι
508 5859 635 5912 Cor.
701 5874 792 5920 xv,
856 5858 944 5913 3|.

578 5952 849 6011 ΡΑΤιιοι..
899 5951 1016 6011 Gn.
1070 5952 1163 6011 CX
1180 5953 1219 6009 ν
1236 5954 1250 6011 Ι
1267 5953 1342 6011 ΙΙ.

1982 4679 2369 4734 afﬂictionibus
2394 4717 2407 4739 ,
2445 4677 2644 4746 inquit,
2686 4678 2942 4732 immolor
2988 4678 3137 4748 (nam
3176 4680 3412 4736 vinculis
3441 4696 3574 4737 coa-

1974 4768 2391 4840 stringebatur),
2438 4776 2681 4823 attamen
2722 4769 2793 4822 ob
2810 4769 3141 4824 sacrificium
3165 4778 3218 4825 et
3238 4772 3569 4827 oblationem

1978 4861 2101 4914 fidei
2120 4866 2315 4913 vestrae
2332 4857 2563 4928 gaudeo,
2590 4867 2769 4912 etc.——
2794 4857 2898 4909 Aut
2930 4857 3024 4909 hoc
3055 4872 3259 4926 quoque
3288 4856 3480 4910 modo:
3504 4858 3573 4909 At

1974 4959 2124 5004 certe
2169 4947 2240 5001 ob
2273 4947 2633 5013 sacrificium,
2668 4948 2719 5001 id
2752 4957 2859 5013 est,
2889 4954 3113 5017 propter
3148 4961 3245 5001 vos
3278 4956 3332 5000 et
3367 4950 3566 5016 pradi-

1976 5045 2245 5097 cationem
2272 5058 2399 5113 erga
2427 5057 2547 5107 vos,
2572 5042 2803 5111 gaudeo,
2826 5048 2933 5094 etc.
2969 5058 2988 5091 ι
3021 5037 3199 5109 Super
3237 5042 3523 5096 sacriﬁcio.
3543 5062 3560 5091 ι

1980 5133 2306 5201 Quanquam
2360 5132 2586 5193 moriar,
2620 5131 2818 5199 inquit,
2850 5139 2905 5184 et
2950 5129 3226 5190 immoler,
3258 5130 3469 5199 gaudeo
3507 5141 3563 5184 et

1980 5224 2301 5295 congaudeo
2353 5239 2520 5293 super
2556 5222 2835 5277 sacrificio
2879 5230 2934 5277 et
2974 5222 3248 5277 oblatione
3300 5221 3421 5276 fidei
3469 5238 3564 5277 ve-

1982 5329 2110 5374 stra:
2144 5338 2154 5370 :
2182 5318 2287 5369 hoc
2316 5324 2420 5381 est,
2444 5314 2656 5384 gaudeo
2684 5312 2829 5384 quod
2854 5313 3018 5367 etiam
3043 5327 3140 5366 vos
3181 5319 3443 5382 tanquam
3477 5328 3566 5369 sa-

1978 5409 2247 5463 criﬁcium
2290 5417 2344 5462 et
2389 5406 2725 5461 oblationem
2758 5403 2983 5457 offeram
3014 5402 3239 5457 Christo
3271 5419 3285 5457 :
3320 5402 3430 5456 imo
3464 5417 3564 5471 po-

1979 5501 2088 5554 tius
2112 5514 2221 5553 non
2242 5513 2358 5561 vos,
2378 5497 2474 5550 sed
2500 5497 2659 5552 fidem
2684 5504 2923 5550 vestram
2948 5502 3210 5563 tanquam
3230 5492 3566 5548 sacrificium

1978 5599 2032 5646 et
2072 5590 2405 5645 oblationem
2457 5589 2703 5644 oﬂ‘eram.
2742 5585 2967 5642 Gaudeo
3004 5581 3134 5655 e'rgo
3163 5585 3308 5653 quod
3338 5598 3440 5651 ego
3473 5583 3569 5635 im-

1986 5685 2160 5739 molcr
2194 5702 2208 5750 ;
2242 5683 2562 5753 congaudeo
2586 5691 2769 5736 autem
2823 5690 2877 5734 ct
2919 5678 3076 5733 vobis
3102 5677 3248 5747 quod
3284 5675 3442 5731 ﬁdem
3475 5687 3569 5728 ve.

3133 5945 3202 6008 41
