4216 6450
621 394 752 454 ῙΞὶἷὸ

1632 385 2027 447 (ECUMEN'II
2058 384 2345 446 TRlCC:E
2382 386 2723 446 EPISCOPI

3723 393 3865 459 1205

614 513 723 565 imo
770 518 825 566 et
875 510 1175 581 periculum
1223 509 1308 566 his
1354 519 1501 565 esset
1551 511 1643 581 qui
1696 518 2124 579 aSsequcrcntttt‘
2164 525 2177 566 :
2211 518 2254 576 Α

2287 510 2525 580 διηκόνει
2565 511 2734 582 αὐτῷ.
2774 511 2973 584 Ἔργον
3000 512 3056 565 δὲ
3093 512 3296 584 Κυρίου
3329 512 3483 566 καλεῖ
3514 512 3575 565 τὸ
3605 510 3872 564 τοιὸῦτον.

608 602 1019 672 Epapltroditus
1094 600 1401 671 postposito
1463 600 1776 671 hujusmodi
1842 601 2083 669 periculo
2133 607 2186 653 ct

611 708 940 761 congressus
965 701 1069 756 est,
1103 701 1154 747 et
1181 693 1333 747 dedit
1360 708 1481 762 qua:
1508 690 1819 747 necessaria
1851 698 2028 754 erant,
2058 690 2187 760 ipsi-

611 800 718 853 que
772 784 1120 838 ministrabat
1174 800 1188 836 :
1236 782 1289 839 id
1310 794 1493 839 autem
1539 792 1699 837 vocat
1743 797 1883 852 opus
1929 782 2182 844 Domini;

611 876 755 944 quod
788 877 933 929 enim
971 890 1078 942 tne,
1117 876 1315 946 inquit,
1356 876 1648 940 rel'ocillat,
1683 890 1791 928 non
1835 883 2059 943 propter
2099 888 2185 927 me

610 967 711 1018 hoc
752 964 901 1026 facit,
943 965 1038 1020 sed
1085 974 1307 1035 propter
1345 964 1755 1019 Dominum.-—r
1793 963 2022 1033 Propter
2048 980 2185 1035 opus

608 1058 838 1111 Christi.
879 1076 897 1108 ι
947 1059 1116 1113 Recte
1165 1073 1300 1129 opus
1339 1056 1545 1111 Christi
1595 1069 1772 1112 vocat.
1820 1058 1878 1112 Si
1913 1059 2057 1112 enim
2092 1061 2183 1128 qtti

609 1149 913 1218 discipulos
952 1150 1204 1219 suscipit,
1257 1150 1437 1220 ipsum
1476 1151 1705 1220 suscipit
1745 1152 2061 1216 Christum,
2109 1152 2185 1204 ait

610 1243 755 1294 enim
799 1260 811 1295 :
865 1261 881 1293 ι
918 1242 1021 1306 Qui
1062 1256 1159 1295 vos
1196 1242 1447 1312 suscipit,
1490 1257 1575 1294 mc
1606 1241 1920 1311 suscipit";
1962 1260 1979 1292 ι
2018 1241 2182 1294 etiam

608 1335 698 1405 qui
746 1334 798 1388 in
849 1338 1031 1404 aliquo
1069 1335 1352 1406 discipulis
1403 1335 1697 1399 ministrat,
1752 1335 1973 1390 Christo
2021 1335 2184 1389 mini-

607 1436 765 1479 strat.
801 1426 1071 1480 Prarterea
1104 1434 1158 1480 et
1187 1426 1296 1481 alio
1330 1427 1492 1481 modo
1523 1441 1663 1496 opus
1691 1426 1895 1481 Christi
1923 1434 2030 1491 est,
2056 1426 2183 1496 quia

609 1518 859 1585 pra‘ccpti
896 1518 1097 1571 Christi
1134 1525 1218 1573 est
1256 1521 1533 1588 propriam
1576 1519 1812 1571 animam
1856 1534 1952 1587 pro
1990 1518 2181 1570 amicis

607 1621 809 1675 ponere
848 1624 860 1658 :
915 1608 1057 1677 quod
1121 1610 1165 1663 si
1216 1624 1312 1677 pro
1361 1609 1577 1672 amicis,
1626 1618 1832 1678 quanto
1870 1609 2045 1678 magis
2080 1623 2180 1677 pro

608 1700 1070 1766 prmreptoribus!
1121 1717 1138 1749 ι
1178 1697 1298 1752 Non
1346 1699 1529 1753 habita
1580 1701 1789 1753 ratione
1823 1702 1964 1754 vitai.
2007 1721 2023 1753 ι
2072 1705 2175 1775 91

607 1791 743 1854 Quid
773 1793 936 1855 enim,
971 1790 1171 1858 inquit,
1197 1799 1248 1844 et
1275 1790 1319 1845 si
1354 1788 1496 1844 Deus
1525 1790 1807 1858 inopinato
1836 1793 1995 1845 modo
2026 1796 2176 1848 illum

603 1884 864 1951 servavit,
897 1882 1013 1950 ipse
1046 1890 1225 1935 tamen
1254 1882 1376 1936 vit-.e
1404 1882 1671 1934 rationein
1703 1898 1806 1934 non
1844 1883 2053 1947 habuit,
2082 1886 2178 1939 sed
2214 1862 2254 1916 Β

607 1975 657 2027 in
702 1974 1005 2042 periculum
1056 1974 1296 2041 seipsum
1341 1972 1598 2039 conjecit.
1649 1991 1666 2023 ι
1706 1972 1778 2027 Ut
1822 1974 2119 2043 suppleret.
2154 1994 2172 2026 ι

606 2066 854 2127 Misislis,
889 2067 985 2127 ait,
1019 2081 1138 2134 qua:
1164 2064 1230 2117 ad
1252 2079 1425 2117 meam
1455 2062 1839 2117 necessitatem
1873 2076 2179 2135 opportuna

602 2165 779 2217 erant,
807 2164 859 2209 et
895 2156 1001 2210 mei
1037 2155 1128 2223 qui
1172 2154 1376 2207 absens
1403 2170 1552 2207 eram
1587 2156 1933 2217 meministis,
1959 2165 2012 2210 et
2043 2158 2178 2211 eba-

604 2250 820 2301 ritatcm
865 2245 1286 2300 demonstratis.
1333 2242 1623 2313 Reliquum
1675 2247 1840 2315 igitur
1882 2249 1975 2301 toti
2025 2250 2177 2319 Operi

604 2341 724 2405 fuit,
762 2350 818 2394 ut
850 2356 951 2409 ego
974 2354 1095 2408 quae
1124 2338 1293 2392 missa
1324 2345 1481 2392 erant
1514 2338 1835 2406 reciperem,
1863 2347 1916 2393 et
1946 2341 2050 2395 hoc
2083 2356 2175 2395 so-

603 2433 713 2486 lum
773 2430 965 2485 defuit.
1014 2428 1113 2482 llic
1160 2430 1345 2497 itaque
1396 2429 1663 2496 reliquum
1709 2430 1853 2497 quod
1910 2430 2175 2502 obsequio

602 2540 730 2592 erga
763 2538 847 2577 me
876 2522 1208 2575 diminutum
1235 2530 1375 2585 erat,
1402 2521 1696 2589 supplevit,
1728 2539 1837 2577 non
1866 2522 2051 2577 habita
2085 2541 2174 2578 ra-

602 2618 748 2668 tione.
786 2618 925 2667 vitae.
966 2612 1217 2667 Ostendit
1248 2622 1429 2666 autem
1462 2615 1603 2682 quod
1641 2614 1725 2667 his
1753 2618 1915 2667 etiam
1949 2617 2041 2686 qui
2072 2618 2171 2669 mi-

604 2714 816 2767 serunt,
841 2720 1051 2759 merces
1076 2705 1201 2771 erit,
1232 2704 1358 2757 licet
1382 2714 1437 2756 ut
1467 2705 1838 2772 compleretur
1867 2722 2007 2775 opus
2031 2708 2177 2775 quod

603 2798 903 2851 secundum
936 2795 1105 2849 Deum
1143 2803 1285 2858 erat,
1323 2794 1728 2863 Epapliroditus
1765 2795 1851 2849 hic
1882 2798 2172 2866 suppleve-

602 2891 691 2941 rit.
720 2890 859 2941 Cutn
889 2898 1069 2941 autem
1108 2888 1311 2940 dixerit
1351 2904 1364 2938 :
1395 2886 1549 2950 Quod
1594 2902 1659 2941 ex
1696 2888 1848 2943 vobis
1875 2889 2085 2954 deerat,
2123 2899 2178 2945 et

601 2980 860 3044 oﬂicium,
896 2980 1285 3048 obligationem
1332 2980 1578 3033 ostendit
1629 2981 1917 3036 imminere
1956 2982 2042 3035 his
2082 2983 2175 3053 qui

2305 602 2363 654 '0
2413 601 2521 672 γὰρ
2557 603 2680 672 ἐμὲ,
2739 605 2925 674 φησὶν,
2978 606 3296 669 ἀναπαύων,
3342 605 3401 658 οὺ
3452 603 3517 656 δι’
3566 604 3665 673 ἐμὲ
3712 601 3876 654 τοῦτο

2291 696 2451 759 ποιεῖ,
2492 694 2625 748 ἀλλὰ
2672 695 2760 748 διὰ
2804 697 2896 749 τὸν
2931 699 3157 768 Κύριον.
3191 727 3260 738 -
3297 717 3315 749 ι
3360 697 3458 750 Διά
3492 696 3550 748 τδ
3586 696 3745 762 ἔργον
3773 692 3873 745 τοῦ

2289 787 2551 855 Χριστοῦ.
2587 808 2604 841 ι
2636 788 2835 862 [ΦΩΤ.]
2866 790 3060 853 Καλῶς
3090 791 3248 862 ἔργον
3276 790 3406 842 αὐτὸ
3434 787 3670 860 Χριστοῦ
3693 786 3869 841 καλεῖ.

2288 878 2351 930 ΕΞ
2383 879 2490 950 γὰρ
2545 882 2572 933 ὁ
2618 882 2907 951 δεχόμενος
2958 882 3086 944 τοὺς
3116 882 3402 952 ῖμαθητάς,
3446 881 3606 937 αὐτὸν
3653 879 3869 947 δέχεται

2286 968 2377 1021 τὸν
2417 970 2673 1040 Χριστὸν,
2708 990 2725 1022 ι
2780 970 2835 1023 '0
2875 971 2984 1043 γὰρ
3019 972 3308 1041 δεχόμενος
3342 971 3507 1040 ὑμᾶς,
3543 971 3727 1038 φησὶν,
3771 966 3871 1025 ἐμὲ

2287 1060 2522 1129 δέχεται,
2564 1080 2581 1113 ι
2616 1062 2708 1115 καὶ
2758 1064 2785 1114 ό
2837 1063 3128 1133 ὑπηρετῶν
3160 1062 3218 1115 ἕν
3266 1080 3373 1115 τινι
3425 1064 3538 1123 τοῖς
3577 1061 3870 1129 μαθηταῖς,

2287 1152 2507 1221 Χριστῴ
2538 1154 2818 1223 ὑπηρετεῖ.
2849 1155 2957 1207 Καὶ
2981 1154 3154 1217 ἄλλως
3182 1154 3238 1207 δὲ
3277 1154 3436 1224 ἔργον
3470 1152 3587 1204 ἐστὶ
3608 1148 3867 1221 Χριστοῦ,

2286 1245 2368 1296 ὅτι
2399 1244 2621 1314 ἐντολῆς
2668 1248 2785 1298 ἐστι
2820 1247 3081 1316 Χριστοῦ,
3113 1248 3173 1299 τὸ
3215 1248 3425 1299 τιθέναι
3462 1246 3600 1315 ὑπὲρ
3647 1243 3755 1295 τῶν
3785 1242 3872 1310 φί-

2290 1332 2396 1387 λων
2426 1336 2524 1404 τὴν
2569 1335 2703 1390 ίδίαν
2728 1336 2926 1407 ψυχήν.
2968 1338 3031 1389 Εἰ
3052 1337 3107 1390 δὲ
3137 1337 3276 1406 ὑπὲρ
3311 1336 3500 1406 φίλων,
3542 1336 3693 1404 πόσῳ
3728 1336 3868 1404 μᾶλ-

2286 1417 2376 1475 λον
2429 1424 2570 1497 ὑπὲρ
2634 1426 3015 1495 διδασκάλων;
3080 1447 3098 1480 ι
3152 1427 3742 1498 Παραὸουλευσάμενος
3800 1429 3867 1494 τῇ

2285 1514 2454 1584 ψυχῇ.
2497 1534 2514 1565 ι
2555 1516 2619 1567 Τί
2655 1516 2761 1586 γὰρ
2810 1520 2856 1569 εί
2883 1520 2911 1570 ὁ
2944 1518 3077 1580 Θεὸς
3109 1519 3288 1581 αὐτὸν,
3330 1518 3517 1588 φησὶν,
3568 1518 3772 1569 ἔσωσεν
3804 1517 3869 1567 ἐκ

2284 1603 2621 1673 παραδόξου;
2688 1606 2835 1675 Πλὴν
2882 1608 3043 1670 αὐτὸς
3094 1604 3599 1678 παρεόουλέύσατο,
3656 1608 3749 1658 xal
3788 1606 3869 1665 είς

2284 1698 2530 1751 κίνδυνον
2585 1700 2808 1773 ἔρριψεν
2868 1702 3078 1755 ἑαυτόν.
3140 1721 3157 1754 ι
3194 1702 3311 1757 Ἵνα
3378 1699 3750 1771 ἀναπληρώσῃ
3808 1697 3868 1749 τὸ

2285 1789 2439 1860 ὑμῶν
2476 1791 2780 1862 ὑστέρημα.
2823 1811 2842 1844 ι
2892 1793 3275 1846 Ἀπεστείλατέ
3313 1810 3423 1862 μοι,
3452 1792 3606 1860 φησὶ,
3638 1790 3706 1842 τά
3728 1787 3866 1858 πρὸς

2286 1883 2384 1953 τὴν
2424 1883 2636 1953 χρείαν,
2696 1885 2789 1938 καὶ
2841 1885 3150 1955 έμνήσθητέ
3182 1902 3282 1955 μου
3330 1883 3583 1945 ἀπόντος,
3634 1881 3729 1933 καί
3766 1878 3866 1948 τὴν

2287 1974 2509 2043 ἀγάπην
2541 1974 2799 2041 ἐδείξατε.
2848 1976 3129 2029 Ἐλείπετο
3155 1974 3334 2026 τοίνυν
3364 1974 3442 2042 τῷ
3488 1973 3651 2025 παντὶ
3694 1970 3863 2040 ἔργῳ,

2287 2066 2382 2117 καὶ
2426 2066 2488 2117 τὸ
2537 2066 2835 2121 ἀπολαϐεῖν
2886 2084 2954 2137 με
3003 2066 3073 2120 τά
3106 2066 3502 2128 ἀποσταλέντα,
3561 2064 3655 2117 καὶ
3706 2062 3865 2115 τοῦτο

2284 2156 2539 2227 ὑστέρισε
2575 2158 2760 2227 μόνον.
2785 2151 2951 2221 Οὗτος
2983 2156 3273 2228 τοιγαροῦν
3304 2158 3363 2208 τὸ
3390 2153 3865 2224 περιλιμπανόμεο

2283 2266 2372 2303 νον
2419 2250 2703 2320 ὑστέρημα
2754 2252 2832 2313 είς
2880 2252 2980 2320 τὴν
3026 2251 3163 2320 ἐμὴν
3199 2250 3542 2316 λειτουργίαν
3578 2246 3864 2315 ἐπλήρωσε

2282 2340 2867 2413 παραϐουλευσάμενος
2901 2345 2966 2412 τῇ
3018 2341 3185 2413 ψυχῇ.
3239 2340 3486 2393 Δείκνυσι
3530 2340 3582 2391 δὲ
3616 2341 3697 2391 ὅτι
3723 2338 3863 2403 ὑπὲρ

2282 2434 2475 2487 τούτου
2515 2436 2610 2489 καὶ
2654 2439 2766 2499 τοῖς
2794 2436 3177 2488 ἀποστείλασιν
3212 2435 3364 2486 ἔσται
3403 2432 3611 2502 μισθὸς,
3646 2434 3769 2497 εἴγε
3804 2429 3863 2480 τὸ

2280 2526 2524 2578 ἐλλεῖπον
2550 2527 2643 2580 τοῦ
2669 2528 3071 2598 ἀπαρτισθῆναι
3093 2528 3153 2579 τὸ
3188 2527 3327 2579 κατά
3350 2527 3481 2578 Θεὸν
3499 2525 3677 2593 ἔργον,
3704 2515 3863 2582 sine;

2281 2618 2811 2688 προσανεπλήρωσεν
2862 2621 2889 2671 ὁ
2943 2618 3352 2688 Ἐπαφρόδιτος.
3410 2618 3593 2668 Εἰπὼν
3644 2616 3730 2675 δὲ,
3788 2613 3865 2663 Τὸ

2284 2713 2438 2782 ὑμῶν
2475 2712 2759 2782 ὑστέρημα
2807 2714 2902 2766 καὶ
2946 2711 3309 2781 λειτουργίας,
3346 2708 3544 2773 ἔδειξεν
3580 2707 3864 2774 63:20.69;-

2282 2819 2372 2854 νον
2394 2802 2455 2854 τὸ
2481 2803 2909 2856 ἀποστέλλεσθαι
2960 2804 3110 2872 παρά
3154 2803 3260 2854 τῶν
3291 2806 3347 2855 ὲν
3369 2799 3639 2870 ἀσφαλείᾳ
3668 2798 3860 2855 ortum

2280 2897 2397 2957 τοῖς
2428 2897 2485 2947 ὲν
2521 2897 2791 2961 κινδύνοις
2825 2897 2966 2951 οὖσι.
3011 2896 3183 2948 Τοῦτο
3208 2896 3265 2946 δέ
3294 2910 3447 2963 φησι,
3484 2890 3863 2944 καταστέλλειν

2281 2987 2479 3052 αὐτοὺς
2510 2993 2599 3041 καὶ
2625 2991 2839 3053 δεικνὺς
2873 2990 3031 3061 χρέος
3068 2987 3516 3059 πεπληρωκέναι.

603 3077 656 3127 in
689 3075 981 3128 securitate
1013 3084 1161 3135 sunt,
1201 3080 1259 3125 ut
1298 3073 1403 3125 illis
1445 3075 1664 3127 mittant
1693 3074 1785 3141 qui
1832 3083 1961 3128 sunt
1995 3076 2048 3128 in
2117 3076 2397 3146 periculis.
2468 3080 2581 3137 Hoc
2618 3091 2799 3137 autem
2845 3085 2921 3136 ait
2965 3084 3112 3154 ipsos
3155 3082 3207 3135 in
3286 3077 3473 3134 ofﬁcio
3551 3074 3862 3128 continens.

602 3179 664 3220 ac
694 3165 991 3221 ostendens
1025 3171 1084 3218 ut
1114 3163 1257 3233 quod
1293 3163 1537 3217 debitum
1566 3173 1652 3219 est
1683 3164 2042 3233 compleatur.

1225 3278 1451 3334 CAPUT
1488 3278 1550 3332 ν.

608 3397 678 3451 {te
705 3396 970 3465 spirituali
997 3396 1122 3457 vita,
1146 3410 1261 3461 qua:
1285 3411 1385 3447 non
1410 3397 1613 3460 degitur
1641 3405 1889 3465 tanquam
1922 3397 1975 3450 iu
2001 3413 2177 3464 carne,

674 3484 792 3536 qua:
822 3476 898 3519 est
937 3467 1169 3518 imitatio
1206 3468 1391 3517 mortis
1429 3466 1648 3518 Christi.

674 3559 765 3623 Ill,
798 3558 907 3610 1-4.
954 3556 1106 3622 Quod
1153 3567 1405 3623 superest,
1455 3560 1647 3624 fratres
1700 3560 1818 3618 mei,
1865 3560 2083 3626 gaudete
2126 3561 2178 3611 in

605 3651 853 3703 Domino.
890 3649 1086 3701 Eadem
1114 3649 1339 3702 scribere
1368 3650 1529 3711 vobis,
1563 3666 1641 3703 me
1673 3651 1879 3718 quidem
1912 3662 2049 3703 certe
2078 3668 2178 3702 non

602 3745 760 3811 piget,
811 3743 950 3793 vobis
1002 3750 1177 3793 autem
1223 3750 1392 3792 tutum
1432 3750 1531 3792 est.
1576 3738 1750 3793 Videte
1790 3756 1965 3804 canes,
2013 3740 2178 3792 videte

606 3836 769 3885 malos
807 3834 1098 3897 operarios,
1140 3832 1303 3883 ridete
1348 3830 1717 3883 coneisionem.
1765 3829 1877 3883 Nos
1910 3832 2049 3882 enim
2086 3847 2178 3882 su-

607 3940 719 3975 mus
756 3921 1106 3985 circumcisio,
1140 3923 1227 3989 qui
1271 3922 1462 3987 spiritu
1502 3921 1666 3972 Deum
1702 3920 1944 3983 colimus,
1981 3933 2026 3973 et
2063 3921 2177 3988 glo-

605 4018 805 4065 riantur
834 4016 882 4064 iu
919 4012 1127 4064 Christo
1157 4011 1308 4075 Jesu,
1333 4022 1380 4063 et
1415 4029 1515 4064 non
1556 4012 1867 4076 conﬁdimus
1898 4014 1949 4065 in
1979 4029 2133 4065 came
2157 4029 2175 4065 :

602 4122 898 4173 quanquam
930 4114 977 4156 et
1006 4121 1097 4171 ego
1134 4104 1295 4156 habeo
1324 4122 1423 4173 quo
1459 4107 1509 4156 iu
1539 4122 1696 4157 carne
1724 4104 2009 4171 conﬁdam.

672 4281 810 4335 Nam
846 4282 889 4337 si
922 4298 1040 4351 ego,
1078 4282 1275 4351 inquit,
1316 4296 1461 4335 nunc
1501 4297 1611 4335 non
1653 4282 1881 4347 moriar,
1912 4289 1966 4335 et
2009 4281 2175 4335 Evan-

602 4377 801 4445 gelium
850 4376 914 4428 ad
962 4383 1312 4443 augmentum
1349 4374 1569 4437 veniat,
1613 4386 1677 4427 ac
1721 4375 1927 4430 inimici
1969 4376 2175 4444 pudore

602 4465 1011 4532 suﬂ‘undantur,
1030 4463 1268 4534 gaudere
1295 4463 1505 4517 debetis
1539 4465 1592 4517 in
1619 4463 1867 4517 Domino.
1890 4464 2024 4517 Nam
2054 4480 2175 4534 qua:

604 4555 897 4619 accidunt,
948 4556 1015 4607 ad
1069 4554 1297 4623 gloriam
1353 4562 1583 4623 vergunt
1631 4554 1847 4608 Domini
1900 4555 2053 4610 Jcsu.
2104 4584 2175 4596 --

606 4650 896 4711 l'raeterea,
926 4648 971 4701 si
999 4647 1281 4716 apostolus
1313 4645 1720 4716 Epaphroditus
1753 4665 1850 4704 vos
1882 4646 2173 4713 recreavit,

606 4753 935 4807 rursumque
962 4737 1029 4791 ad
1068 4752 1163 4791 vos
1198 4738 1400 4790 missus
1422 4747 1525 4801 est,
1555 4746 1610 4791 et
1640 4753 1740 4807 ego
1777 4754 1805 4791 a
1839 4754 2074 4793 maerore
2106 4740 2176 4793 ob

607 4837 783 4899 ipsum
825 4840 1041 4897 sumpto
1083 4829 1345 4882 liberatus
1383 4844 1524 4893 sum,
1558 4836 1849 4898 vestraque
1882 4830 2174 4883 diminutio

605 4925 657 4974 iu
688 4920 867 4974 oﬂicio
902 4921 1151 4990 suppleta
1183 4929 1286 4985 est,
1315 4921 1423 4989 92
1460 4920 1695 4988 gaudere
1731 4922 1939 4976 debetis
1976 4921 2177 4991 gaudio

609 5013 879 5081 spitituali
922 5013 1195 5081 dignoque
1239 5010 1487 5065 Domino.
1530 5032 1548 5063 ‹
1584 5012 1792 5067 Videte.
1823 5032 1840 5064 ι
1884 5013 2050 5066 Erant
2080 5017 2172 5083 qui

606 5119 714 5156 non
745 5102 903 5156 facile
933 5105 1188 5170 cognosci
1224 5112 1495 5171 poterant.
1522 5103 1649 5157 ldeo
1680 5103 1755 5156 ait
1783 5120 1796 5154 :
1832 5101 2042 5167 Videte,
2074 5104 2174 5157 hoc

605 5205 712 5259 cst,
758 5194 1102 5263 investigate,
1153 5196 1514 5263 vosmetipsos
1566 5205 1799 5250 servate.
1857 5215 1876 5247 ι
1913 5195 2107 5251 Canes.
2153 5215 2170 5247 ι

606 5288 775 5339 Erant
826 5285 1071 5337 nonnulli
1117 5300 1181 5338 ex
1224 5282 1449 5349 Juda'is,
1500 5301 1692 5354 nempe
1734 5288 2040 5351 credentes,
2082 5288 2175 5357 qui

609 5391 713 5428 una
752 5389 874 5428 cum
918 5373 1021 5428 ﬁde
1064 5374 1404 5429 Judaismum
1449 5379 1610 5430 etiam
1660 5378 2086 5431 commisccbant
2124 5388 2178 5433 et

606 5468 1050 5535 praedicationem
1083 5470 1527 5537 corrumpebant,
1554 5486 1693 5538 quos
1722 5485 1888 5524 canes
1917 5470 2171 5539 appellat.

604 5558 779 5611 Canes
820 5571 950 5610 vero
991 5556 1312 5612 dicebantur
1351 5560 1624 5613 interdum
1668 5562 1893 5627 ethnici,
1926 5576 1991 5615 eo
2028 5561 2172 5630 quod

606 5648 777 5702 Deum
812 5649 1145 5717 ignorarent.
1178 5648 1310 5703 Nam
1338 5663 1389 5705 et
1420 5667 1584 5709 canes
1619 5653 1670 5705 in
1698 5668 1820 5708 eum
1854 5667 2069 5724 quoque
2097 5654 2174 5706 lae

748 5806 787 5834 "‘
830 5804 1016 5859 Matth.
1054 5823 1107 5871 χ,
1141 5809 1223 5859 40,

2868 3282 3117 3335 ΚΕΦΑΛ.
3167 3280 3241 3335 Ε’.

2282 3395 2421 3464 Περὶ
2460 3394 2865 3463 πνευματικοῦ
2897 3397 3043 3457 ,βίου
3091 3393 3198 3446 τοῦ
3238 3393 3324 3461 μὴ
3367 3393 3446 3458 ὡς
3473 3393 3543 3464 ἐν
3592 3393 3796 3460 σαρκί,
3827 3393 3861 3445 ὅ

2552 3466 2684 3518 ἐστι
2723 3466 2974 3532 μίμησις
3009 3465 3268 3516 θανάτου
3303 3463 3581 3529 Χριστοῦ.

2359 3556 2429 3609 Τὸ
2456 3556 2695 3619 λοιπὸν,
2728 3555 2983 3622 ἀδελφοί
3007 3572 3146 3622 μου,
3184 3555 3415 3622 χαίρετε
3442 3553 3510 3606 ἐν
3534 3554 3747 3621 Κυρίῳ.
3790 3555 3861 3606 τὰ

2278 3648 2429 3701 αὐτὰ
2459 3649 2706 3716 γῬάφειν
2750 3646 2909 3714 ὑμῖν,
2970 3647 3094 3713 ἐμοὶ
3122 3647 3237 3714 μὲν
3264 3650 3372 3699 οὐκ
3399 3647 3677 3714 ὀκνηρὸν,
3718 3649 3861 3717 ὑμῖν

2278 3736 2346 3788 δὲ
2376 3735 2667 3803 ἀσφαλές.
2698 3734 2959 3787 Βλέπετε
2994 3734 3136 3799 τοὺς
3185 3735 3395 3800 κύνας,
3421 3736 3684 3798 ,βλέπετε
3717 3738 3859 3800 τίεις

2279 3826 2497 3891 κακοὺς
2529 3826 2804 3894 ἐργάτας,
2830 3826 3090 3888 βλέπετε
3122 3825 3235 3892 τὴν
3266 3827 3627 3892 κατατομήν.
3664 3828 3860 3895 Ἡμεῖς

2280 3918 2389 3987 γάρ
2412 3919 2599 3986 ἐσμεν
2621 3918 2659 3985 ἡ
2684 3918 2987 3985 περιτομὴ,
3012 3921 3065 3969 οἱ
3082 3920 3371 3986 πνεύματι
3397 3918 3516 3982 Θεῷ
3532 3920 3859 3985 ,λατρεύον-

2278 4026 2395 4073 τες,
2430 4009 2526 4061 καὶ
2557 4007 2926 4076 καυχώμενοι
2966 4008 3036 4060 ἐν
3066 4007 3296 4075 Χριστῷ
3344 4008 3569 4074 Ἰησοῦ,
3607 4010 3701 4060 καὶ
3746 4011 3859 4061 οὐκ

2276 4101 2345 4153 ἐν
2377 4102 2551 4167 σαρκὶ
2586 4101 2957 4165 πεποιθότες,
3000 4104 3213 4169 καίπερ
3249 4100 3364 4169 ἐγὼ
3392 4102 3548 4168 ἔχων
3570 4104 3852 4168 .1530th-

2276 4208 2381 4244 σιν
2409 4193 2477 4243 ἐν
2501 4192 2704 4257 σαρκί.

2347 4282 2408 4334 Εἰ
2460 4283 2568 4350 γὰρ
2623 4280 2752 4349 ἐγὼ,
2802 4282 2989 4352 φησὶν,
3037 4282 3096 4334 οὐ
3146 4282 3472 4352 τεθνήξομαι
3512 4281 3627 4347 νῦν,
3676 4282 3767 4334 καὶ
3796 4282 3857 4334 τὸ

2278 4373 2607 4441 Εὑαγγέλιον
2658 4375 2737 4437 είς
2785 4374 3023 4427 ἐπίδοσιν
3051 4374 3200 4447 ἔλθῃ,
3238 4380 3332 4428 καὶ
3362 4377 3410 4427 οἱ
3450 4375 3635 4445 ὲχθροὶ
3667 4392 3859 4428 καταε-

2280 4466 2692 4535 σχυνθήσονται,
2735 4466 2946 4536 χαίρειν
2981 4467 3222 4533 ὀφείλετε
3275 4469 3330 4519 ὲν
3379 4468 3588 4536 Κυρίῳ.
3634 4468 3715 4519 Τὰ
3746 4468 3857 4537 γὰρ

2284 4556 2584 4626 συμϐάντα,
2616 4557 2693 4618 είς
2715 4555 2871 4618 δόξαν
2904 4559 3163 4608 συντείνει
3193 4554 3286 4609 τοῦ
3308 4557 3533 4625 Κυρίου.
3558 4585 3625 4594 --
3648 4554 3851 4626 [ΦΩΤ.1

2284 4649 2393 4701 Καὶ
2426 4647 2527 4712 ἔτι,
2569 4649 2615 4699 εἰ
2648 4650 2675 4699 ὁ
2718 4646 3009 4709 ἀπόστολος
3064 4648 3205 4717 ὑμᾶς
3250 4648 3550 4717 ἀνέρρωσε,
3596 4648 3691 4699 καὶ
3746 4650 3854 4700 ἀπ.

2284 4738 2483 4807 εστάλη
2505 4738 2664 4789 πάλιν
2699 4738 2834 4804 πρὸς
2866 4738 3028 4808 ὑμᾶς,
3061 4739 3154 4792 καὶ
3184 4737 3293 4807 ἐγὼ
3331 4738 3427 4807 τῆς
3459 4739 3545 4790 ἐπ’
3577 4738 3726 4807 αὐτῷ
3758 4738 3854 4789 λύ-

2285 4850 2391 4903 ττης
2421 4830 2795 4901 ἀπήλλαγμαι,
2830 4833 2923 4884 καὶ
2952 4834 3010 4883 τὸ
3040 4831 3191 4901 ὑμῶν
3228 4831 3512 4900 ὑστέρημα
3540 4830 3855 4899 ἀναπεπλή-

2288 4942 2477 4995 ρωται,
2534 4924 2743 4992 χαίρειν
2794 4923 3037 4990 ὀφείλετε
3093 4922 3267 4994 χαρὰν
3328 4923 3703 4991 πνευματικὴν
3760 4921 3855 4972 καὶ

2284 5016 2438 5081 ἀξίαν
2490 5014 2715 5083 Κυρίου.
2778 5032 2795 5065 t
2842 5014 3097 5066 Βλέπετε.
3138 5032 3155 5064 ι
3200 5009 3379 5065 Ἦσαν
3408 5012 3847 5078 δυσδιάγνωστοι.

2280 5108 2369 5158 Διό
2414 5122 2567 5176 φησι,
2608 5105 2862 5168 Βλέπετε,
2899 5105 3164 5169 τουτέστι,
3218 5106 3433 5173 τηρεῖτε
3474 5104 3698 5164 ἑαυτοὺς
3758 5103 3849 5154 καὶ

2280 5194 2632 5265 φυλάττεσθε.
2687 5211 2704 5244 ι
2747 5194 2883 5257 Τοὺς
2943 5194 3134 5257 κύνας.
3180 5212 3196 5242 ι
3230 5189 3406 5245 ἾηΙσαν
3438 5193 3542 5245 ἀπὸ
3584 5192 3850 5245 Ἰουδαίων

2278 5288 2421 5350 τινὲς
2448 5285 2607 5355 δῆθεν
2663 5287 2860 5348 πιστοὶ,
2910 5285 2959 5337 οἳ
3013 5286 3149 5355 μετά
3182 5284 3278 5353 τῆς
3329 5284 3565 5346 πίστεως
3616 5285 3709 5334 καὶ
3761 5284 3849 5335 τὶν

2290 5380 2619 5448 Ἰουδαῖσμὸν
2644 5378 2988 5447 ἀνεμίγνυον,
3020 5380 3112 5429 καὶ
3139 5377 3442 5446 διέφθειρον
3471 5378 3531 5428 τὸ
3562 5380 3845 5447 κήρυγμα,

2280 5470 2369 5533 οὓς
2402 5470 2569 5533 κύνας
2601 5472 2775 5523 καλεῖ.
2808 5470 2981 5532 Κύνες
3018 5470 3073 5521 δέ
3107 5487 3235 5522 ποτε
3265 5472 3312 5522 οἱ
3339 5470 3539 5523 ἐθνικοὶ
3574 5470 3845 5536 ἐλέγοντο,

2280 5562 2365 5613 διὰ
2395 5562 2452 5613 τὸ
2483 5562 2695 5627 ἀγνοεῖν
2730 5560 2819 5613 τὸν
2847 5562 2999 5613 Θεόν.
3045 5562 3156 5614 Καὶ
3188 5562 3295 5630 γὰρ
3330 5561 3424 5613 καὶ
3467 5562 3515 5612 οἱ
3555 5561 3713 5623 κινες
3754 5564 3847 5613 2:".

2278 5653 2371 5706 τὸν
2411 5652 2617 5708 διδόντα
2649 5652 2961 5707 ὑλακτοῦσι.
3004 5652 3119 5705 Νῦν
3168 5654 3224 5706 δὲ
3266 5646 3409 5706 οὗτοι
3442 5652 3599 5715 κύνες
3632 5655 3699 5718 (οἱ
3740 5654 3843 5723 γὰρ
