4216 6450
312 409 439 474 129⁷1

1243 424 1633 485 COMMENT.
1686 427 1762 488 IN
1802 428 2038 490 EPIST.
2081 433 2180 491 AD
2226 436 2503 497 PlllLII‘.

3420 445 3560 510 1298

303 524 394 573 τὸν
447 522 573 574 Υίδν
621 523 969 596 ἀρνούμενοι,
1022 528 1140 581 οὐδὲ
1185 530 1274 583 τὸν
1315 533 1536 603 Πατέρα
1585 538 1807 604 ἴσασιν),
1848 540 1880 611 ἦ

1989 553 2132 598 trant
2160 545 2253 614 qui
2286 535 2491 614 aliquid
2531 547 2740 603 tribuit.
2790 547 2944 605 Nunc
2982 558 3163 606 autem
3200 551 3250 606 hi
3287 565 3449 609 canes
3475 557 3561 610 di-

303 614 391 666 διὰ
434 615 495 668 τὸ
539 617 920 685 ἀναίσχυντον,
958 621 990 690 ἢ
1023 624 1211 685 ὥσπερ
1246 626 1669 696 ἐπιστρέφοντες
1713 632 1794 692 είς
1825 634 1884 683 τὸ

304 704 438 759 ἴδιον
465 708 765 779 ἑξέρασμα,
800 711 832 781 ἦ
868 712 958 765 διὰ
992 713 1050 766 τὸ
1085 714 1532 788 λαθραιόδηκτον.
1577 740 1595 771 ι
1626 722 1764 785 Τοὺς
1788 739 1885 774 κα-

303 800 431 862 κοὺς
462 801 721 870 ἐργάτας.
768 820 786 855 ι
846 806 1197 876 Ἐργάζονται
1234 810 1334 879 μὲν
1369 812 1500 881 γὰρ,
1533 814 1649 866 ἀλλ’
1684 815 1775 866 ἐπὶ
1807 812 1883 883 τῷ

301 890 477 960 κακῷ.
515 890 596 944 Τὰ
626 893 733 961 γὰρ
771 895 951 959 καλῶς
985 899 1321 965 φυτευθέντα
1360 903 1668 959 ἁνασπῶσι.
1716 923 1733 957 ι
1770 906 1883 975 Τὴν

302 985 639 1055 κατατομήν.
680 1003 698 1036 ›
760 987 901 1050 Τοὺς
957 992 1455 1061 περιτεμνομὲνους
1514 994 1701 1062 φησίν.
1741 997 1881 1049 Ἀλλ’

302 1076 489 1145 ἐπειδὴ
539 1078 637 1129 οὐκ
685 1078 766 1132 ἔτι
800 1082 1047 1151 νομίμως
1088 1085 1298 1150 ἐγίνετο
1345 1087 1498 1156 παρᾶ
1543 1088 1819 1152 Ἰουδαίοις
1848 1092 1881 1158 ἡ

304 1170 574 1238 περιτομή
600 1172 654 1240 (ἡ
676 1172 783 1242 γὰρ
803 1173 1009 1244 νομίμη
1035 1176 1128 1228 νῦν
1155 1178 1270 1229 ἐστι
1306 1177 1382 1247 τῷ
1415 1178 1691 1249 πνεύματι
1727 1197 1882 1251 περι-

301 1260 593 1327 τέμνεσθαι
644 1262 742 1332 τὴν
775 1263 973 1335 ψυχὴν)
1029 1268 1345 1338 κατατομὴν
1394 1270 1566 1340 αὐτὴν
1619 1272 1880 1339 ἐκάλεσε,

300 1352 476 1421 δηλῶν
514 1354 593 1407 ὄτι
638 1354 791 1408 οὐδὲν
825 1357 1015 1427 ἕτερόν
1048 1360 1196 1411 ἐστιν
1224 1361 1256 1430 ἠ
1286 1363 1583 1432 περιτομὴ,
1625 1365 1657 1433 ἦ
1694 1364 1884 1433 σώμα-

299 1459 391 1505 τος
424 1447 729 1516 κατατομή.
769 1449 879 1516 Τῆς
912 1448 1020 1519 γὰρ
1048 1450 1308 1519 ἀληθείας
1345 1452 1627 1522 ἐλθούσης,
1664 1456 1881 1525 ἀνάγκη

299 1533 425 1595 τοὺς
463 1533 669 1598 τύπους
705 1537 919 1605 ἀργεῖν.
954 1542 1023 1593 Ἦ
1067 1542 1147 1594 ὅτι
1184 1542 1281 1613 τὴν
1326 1547 1632 1617 περιτομὴν
1678 1549 1883 1618 κηρύτ-

298 1640 505 1689 τοντες,
558 1628 922 1696 κατατέμνειν
968 1634 1269 1702 πειρῶνται
1320 1637 1381 1688 τὸ
1418 1637 1576 1706 σῶμα
1609 1641 1706 1708 τῆς
1761 1641 1884 1691 Ἐκ-

301 1716 551 1786 κλησίας.
592 1737 610 1770 ι
668 1720 729 1771 Οἱ
787 1723 1061 1792 πνεύματι
1113 1726 1233 1794 Θεῷ
1282 1728 1667 1798 λατρεύοντες.
1738 1749 1755 1780 ›
1821 1732 1884 1783 Ol

297 1811 685 1877 πνευματικῶς
716 1813 791 1882 τῷ
824 1815 943 1885 Θεῷ
976 1816 1353 1887 λατρεύοντες.
1381 1822 1470 1873 καὶ
1495 1823 1881 1893 πνευματικῶς

296 1903 775 1973 περιτεμνόμενοι.
813 1906 1022 1971 Ἀλλως
1047 1911 1154 1980 γὰρ
1186 1911 1306 1964 οὔτε
1341 1913 1627 1983 λατρεύειν
1656 1916 1882 1969 δύναταί

295 2010 397 2055 τις.
459 2015 475 2045 ι
511 1997 623 2049 Καὶ
659 1998 1002 2069 καυχώμενοι
1046 2004 1102 2054 ἐν
1142 2005 1360 2075 Χριστῷ
1426 2007 1619 2077 Ἰησοῦ.
1678 2028 1695 2059 ι
1737 2010 1878 2079 Ὅρα

296 2087 413 2147 πιῗις
444 2087 542 2156 τὴν
574 2089 836 2161 διαφορὰν
881 2093 1070 2158 ἔδειξε.
1123 2096 1283 2149 Ποῖον
1315 2098 1424 2167 γὰρ
1464 2100 1705 2167 ἄμεινον,
1744 2104 1877 2171 Χρισ-

297 2178 407 2245 ach
463 2182 807 2247 πεποιθέναι,
866 2186 898 2253 ἦ
957 2187 1155 2256 caput;
1213 2189 1455 2258 δηλονότι
1517 2191 1593 2260 τῷ
1634 2193 1873 2261 Χριστῷ.

296 2271 506 2325 Οὐκοῦν
538 2276 744 2345 ἀληθής
778 2280 925 2330 ἐστιν
952 2280 1112 2347 ἡμῶν
1138 2283 1169 2351 ἡ
1202 2284 1490 2352 περιτομὴ,
1525 2284 1631 2337 τῶν
1662 2287 1719 2336 ἐν
1747 2287 1878 2353 Χρι-

298 2367 411 2436 στῴ
454 2370 849 2437 καυχωμένων,
902 2372 997 2424 καὶ
1027 2374 1086 2425 ού
1119 2374 1228 2426 τῶν
1274 2376 1332 2427 ἐν
1367 2376 1546 2445 σαρκί.
1598 2396 1614 2427 ι
1663 2377 1879 2447 Καίπερ

296 2458 425 2523 ἐγώ.
475 2478 490 2509 ι
562 2461 622 2511 Ei
667 2461 993 2532 ἐϐουλόμην,
1044 2466 1196 2532 φησὶ,
1253 2468 1635 2535 καυχήσασθαι
1690 2469 1878 2538 ὥσπερ

296 2550 515 2616 ἐκεῖνοι,
542 2552 649 2621 ἔχω
682 2554 882 2622 μᾶλλον
914 2556 1240 2625 πεποίθησιν
1269 2559 1423 2625 κάγὼ
1452 2562 1507 2612 ἐν
1539 2561 1724 2629 σαρκί.
1753 2558 1879 2614 Οίον

294 2644 575 2713 ἠδυνάμην
625 2646 781 2714 κάγὼ
820 2647 894 2710 ὡς
933 2651 1132 2702 ἐκεῖνοι
1166 2652 1258 2703 ἐπὶ
1300 2654 1364 2720 τῇ
1404 2656 1505 2722 τῆς
1540 2656 1741 2724 σαρκός
1778 2672 1879 2723 μου

296 2738 569 2805 περιτομῇ
612 2738 990 2806 καυχήσασθαι
1024 2741 1118 2792 καὶ
1151 2741 1313 2793 πλέον
1347 2742 1592 2796 ἐκείνων,
1635 2766 1651 2795 ι
1700 2746 1879 2814 Ἐχων

297 2827 678 2895 πεποίθησιν.»
718 2829 778 2881 Ei
809 2825 875 2899 ἦν
911 2830 970 2893 ἐξ
997 2830 1167 2884 tl)va
1192 2834 1219 2886 ὁ
1265 2834 1606 2901 Ἀπόστολος,
1642 2830 1786 2906 εἶχεν
1816 2837 1880 2891 ἄν

293 2935 379 2981 τις
404 2920 580 2971 εἰπεῖν
610 2918 791 2984 τοῦτο,
842 2921 1199 2988 ὲξευτελίζειν
1236 2925 1399 2979 αὑτὸν
1433 2926 1531 2996 τὴν
1577 2929 1880 2998 περιτομὴν

296 3011 399 3078 τὴν
434 3011 540 3062 τῶν
584 3011 869 3075 Ἰουδαίων,
921 3014 995 3077 ὡς
1046 3016 1492 3086 ἀπεστερημένον
1553 3020 1648 3087 τῆς
1704 3019 1883 3072 αὐτῶν

298 3100 599 3165 εὐγενείας.
645 3101 757 3154 Νῦν
801 3101 855 3153 δέ
894 3119 1054 3172 φησι⁹
1108 3106 1326 3175 Καίπερ
1369 3108 1506 3175 ἔχων
1559 3108 1882 3177 πεποίθησιν

297 3192 393 3244 καὶ
423 3194 479 3244 ὲν
520 3194 703 3263 σαρκὶ,
740 3193 912 3246 ταῦτα
951 3196 1116 3262 λέγω,
1151 3198 1249 3249 οὐκ
1286 3199 1473 3267 ἐπειδὴ
1524 3203 1790 3268 καύχησις
1815 3196 1882 3269 ἦν

298 3285 447 3354 αύτῷ
508 3286 645 3354 αὕτη
678 3303 691 3317 ⁸
728 3288 923 3358 (Τοῦτο
955 3289 1062 3358 γὰρ
1110 3292 1142 3359 ἡ
1195 3293 1599 3357 πεποίθησις),
1651 3292 1786 3344 ἀλλὰ
1815 3293 1883 3344 δι’

299 3377 543 3439 ἐκείνους
581 3376 751 3439 οὕτως
801 3372 943 3432 εἷπε.
984 3396 1002 3426 ι
1055 3380 1159 3430 Καὶ
1196 3382 1252 3431 ἐν
1302 3381 1484 3449 σαρκί.
1522 3400 1539 3431 ›
1582 3382 1729 3450 ’Ἐχω
1761 3384 1880 3450 μὲν,

297 3467 485 3536 φησὶν,
517 3469 573 3519 ἐν
605 3469 846 3538 Χριστῷ,
889 3470 1024 3523 ἀλλὰ
1064 3471 1157 3522 καὶ
1198 3471 1293 3539 τὴν
1320 3471 1584 3524 δοκοῦσαν
1615 3473 1671 3525 ὲν
1720 3475 1884 3543 σαρκὶ

298 3559 426 3626 ἔχω.
460 3560 549 3611 Διὸ
596 3561 655 3612 ού
702 3561 857 3629 ψέγω
910 3562 1103 3624 αὐτοὺς
1154 3563 1230 3625 ὡς
1286 3564 1734 3634 ἀπεστερημένος
1783 3564 1884 3634 τῆς

297 3652 439 3704 κατᾶ
474 3653 652 3723 σάρκα
673 3653 975 3719 εὐγενείας.

1985 647 2185 689 cuntur
2235 637 2348 704 (qui
2403 637 2548 691 enim
2602 637 2796 694 Filium
2848 653 3048 710 negant
3117 658 3297 713 neque
3342 643 3557 699 Patrem

1985 729 2342 782 noverunt”l
2377 739 2471 783 aut
2508 740 2728 799 propter
2768 732 3185 801 impudentiam,
3232 744 3327 790 aut
3363 751 3559 806 quem-

1985 817 2274 871 admodum
2324 820 2377 873 hi
2417 823 2507 890 qui
2554 822 2621 875 ad
2675 824 2952 891 proprium
3000 834 3350 881 revertuntur
3383 827 3561 882 vomi-

1985 916 2122 972 tum,
2158 917 2253 963 aut
2286 926 2351 964 eo
2385 914 2530 981 quod
2567 915 2783 968 occulte
2825 915 3130 972 mordeant.
3173 935 3192 968 ι
3226 916 3398 972 Malos
3431 933 3561 988 ope-

1985 1004 2181 1060 rarios.
2217 1024 2235 1057 ι
2273 1005 2485 1059 Etenim
2514 1019 2813 1077 operantur
2837 1009 3080 1079 quidem,
3110 1012 3203 1066 sed
3237 1012 3301 1065 ad
3332 1012 3557 1065 malum.

1984 1093 2120 1148 Nam
2154 1110 2274 1165 quae
2310 1106 2456 1151 recte
2483 1097 2722 1163 plantata
2760 1110 2885 1154 sunt
2918 1100 3177 1157 evellunt.
3223 1120 3240 1152 ι
3271 1101 3557 1156 Concisio-

1987 1201 2129 1239 nem.
2174 1206 2192 1237 ι
2239 1186 2610 1243 Circumeisos
2633 1189 2793 1245 dicit.
2854 1190 2960 1245 Sed
3008 1192 3269 1261 quoniam
3319 1194 3559 1247 nondum

1987 1275 2123 1329 facta
2148 1287 2268 1331 erat
2294 1279 2436 1348 apud
2467 1278 2686 1335 Judmos
2715 1295 2842 1336 vera
2877 1291 2927 1335 ct
2961 1282 3199 1351 legitima
3231 1283 3562 1338 cireuncisio

1988 1367 2283 1436 {siquidem
2332 1385 2394 1423 ea
2440 1381 2523 1426 est
2568 1387 2718 1425 nunc
2775 1373 3016 1443 legitima
3063 1383 3120 1427 ut
3167 1390 3265 1444 per
3298 1375 3561 1443 Spiritum

1986 1462 2169 1515 anima
2204 1462 2675 1532 circumcidatur),
2706 1467 3075 1520 concisionem
3104 1466 3277 1536 ipsam
3320 1467 3531 1537 appella

1986 1554 2057 1607 \‘it
2091 1570 2102 1604 :
2131 1552 2378 1608 indicans
2404 1555 2536 1607 nihil
2561 1554 2708 1609 aliud
2733 1571 2857 1611 esse
2880 1557 3377 1622 circumcisionem,
3396 1571 3559 1626 quam

1986 1646 2237 1713 corporis
2287 1647 2685 1701 concisionem.
2736 1647 3075 1702 Adveniente
3117 1648 3262 1703 enim
3310 1648 3560 1710 veritate,

1989 1752 2216 1791 necesse
2262 1747 2346 1792 est
2394 1738 2597 1806 ﬁguras
2641 1753 2864 1793 cessare
2905 1752 2971 1793 ac
3012 1739 3222 1794 otiosas
3264 1754 3410 1795 esse.
3456 1741 3565 1791 Aut

1987 1829 2114 1897 quia
2166 1828 2219 1882 hi
2263 1828 2355 1898 qui
2400 1830 2876 1884 circumcisionem
2927 1832 3240 1899 praedicant,
3290 1840 3563 1886 conantur

1918 1903 1955 1957 Β
1988 1921 2243 1976 Ecclesiae
2274 1938 2475 1991 corpus
2504 1923 2813 1977 concidere.
2848 1942 2866 1974 ι
2902 1924 3003 1989 Qui
3038 1924 3232 1993 spiritu
3268 1924 3436 1978 Deum
3467 1938 3563 1978 co-

1988 2012 2168 2066 limus.
2206 2030 2224 2063 ι
2260 2010 2631 2080 Spiritnaliter
2664 2011 2772 2067 Deo
2810 2014 3084 2068 servimus
3114 2024 3167 2067 et
3201 2014 3563 2082 spiritualiter

1985 2103 2445 2156 circumcidimur.
2481 2101 2614 2156 Nam
2638 2105 2744 2157 alio
2769 2105 2930 2158 modo
2959 2121 3064 2159 non
3094 2113 3271 2174 potest
3291 2104 3564 2174 quispiam

1985 2206 2108 2246 cum
2136 2192 2335 2246 colere.
2368 2212 2384 2242 ι
2410 2192 2474 2244 Et
2505 2194 2802 2261 gloriamur
2838 2195 2892 2247 in
2920 2194 3138 2249 Christo
3167 2193 3347 2250 Jesu.»
3374 2195 3566 2250 Anim-

1987 2285 2207 2338 adverte
2240 2285 2514 2353 quomodo
2558 2286 2940 2339 excellentiam
2988 2287 3311 2343 ostenderit.
3367 2287 3561 2342 Utrum

1986 2378 2129 2429 enim
2166 2378 2360 2430 melius
2396 2385 2479 2429 est
2515 2376 2566 2429 in
2604 2377 2824 2431 Christo
2859 2378 3132 2432 conlidere
3166 2393 3234 2431 an
3272 2379 3323 2431 in
3360 2381 3563 2432 carne?

1988 2468 2336 2523 inanilcstum
2380 2478 2464 2523 cst
2504 2469 2649 2537 quod
2695 2470 2748 2523 in
2780 2468 3001 2525 Christo
3047 2488 3061 2523 :
3111 2485 3241 2525 vera
3278 2470 3446 2539 igitur
3478 2479 3558 2525 est

1990 2572 2175 2616 nostra
2224 2563 2571 2616 circumcisio
2618 2562 2711 2630 qui
2767 2563 2820 2615 in
2867 2562 3086 2616 Christo
3134 2563 3465 2618 conﬁdimus
3508 2572 3563 2617 et

1953 2664 1961 2671 '
1988 2653 2308 2722 gloriamur,
2330 2663 2384 2706 et
2411 2667 2521 2706 non
2549 2668 2735 2706 eorum
2764 2654 2855 2723 qui
2886 2654 2938 2707 in
2968 2669 3154 2708 carne.
3189 2674 3207 2704 ι
3238 2653 3562 2722 Quanquam

1988 2754 2039 2798 et
2074 2760 2192 2813 ego.
2226 2764 2244 2795 ›
2286 2745 2341 2798 Si
2386 2746 2565 2808 Velim,
2603 2746 2800 2814 inquit,
2836 2745 3295 2814 quemadmodum
3331 2745 3408 2798 illi
3448 2746 3565 2814 glo-

1991 2835 2143 2899 riari,
2170 2836 2340 2905 magis
2369 2835 2545 2889 habeo
2569 2844 2621 2890 ct
2650 2851 2751 2905 ego
2779 2852 2889 2906 quo
2922 2837 2973 2890 in
3004 2850 3169 2891 carne
3193 2836 3523 2890 conliderem
3548 2853 3560 2886 :

1992 2928 2095 2980 hoc
2135 2937 2239 2991 est,
2283 2942 2497 2995 possem
2532 2937 2584 2981 et
2614 2944 2713 2998 ego
2744 2929 2886 2982 sicut
2929 2929 3002 2982 illi
3052 2929 3107 2981 in
3149 2927 3567 2982 circumcisione

1992 3021 2174 3073 carnis
2211 3032 2342 3072 meae
2368 3019 2618 3088 gloriari,
2656 3030 2709 3073 et
2741 3020 2973 3088 amplius
3000 3035 3163 3088 quam
3197 3019 3294 3073 illi.
3328 3036 3348 3070 ι
3381 3017 3567 3072 llabeo

1991 3126 2099 3179 quo
2133 3110 2421 3164 cetrﬁdam.
2445 3129 2463 3161 ι
2505 3110 2559 3162 Si
2581 3110 2875 3178 Apostolus
2909 3126 2974 3165 ex
3012 3110 3262 3179 gentibus
3294 3109 3565 3164 oriundus

1994 3200 2207 3261 luisset,
2236 3208 2417 3267 posset
2440 3199 2711 3268 quispiam
2747 3200 2850 3254 hoc
2876 3200 3055 3254 dicere
3081 3200 3226 3269 quod
3252 3199 3565 3254 indecorum

1989 3288 2462 3343 ciremncisionem
2508 3288 2744 3342 elevarct
2793 3304 2889 3343 seu
2941 3296 3253 3343 attenuaret
3302 3298 3563 3358 tanquam

1987 3394 2182 3432 carens
2228 3381 2599 3449 generositate
2655 3381 2919 3450 ipsorum.
2987 3380 3143 3437 Nunc
3197 3392 3375 3435 autem
3428 3382 3505 3434 ait
3551 3398 3561 3434 :

1989 3470 2314 3538 Quanquam
2356 3470 2584 3524 habeam
2626 3487 2736 3539 quo
2772 3473 2937 3525 etiam
2980 3472 3033 3525 in
3075 3486 3241 3526 carne
3270 3472 3565 3538 conﬁdam,

1990 3561 2105 3615 haec
2135 3563 2280 3623 dico,
2317 3576 2423 3615 non
2459 3562 2602 3630 quod
2639 3562 2754 3615 hmc
2804 3562 2967 3616 fuerit
2997 3563 3095 3631 ipsi
3128 3562 3379 3631 gloriatio
3418 3566 3567 3631 (nam

1991 3654 2095 3707 hoc
2133 3653 2339 3707 indicat
2378 3653 2720 3721 πεποίθησις,
2759 3653 2859 3707 hoc
2892 3662 3000 3718 cst,
3037 3652 3275 3721 ﬁducia),
3310 3654 3403 3708 sed
3441 3669 3569 3719 pro-

298 3756 417 3814 pter
454 3746 575 3801 illos
618 3748 692 3799 ita
738 3747 955 3802 locutus
993 3758 1095 3802 est.
1128 3747 1235 3819 93
1275 3767 1293 3800 ι
1327 3750 1503 3804 Etiam
1545 3750 1599 3804 in
1633 3764 1820 3805 carne.
1852 3767 1870 3799 ›
1919 3747 2106 3802 Habeo
2144 3748 2196 3800 in
2232 3747 2478 3808 Christo,
2510 3745 2709 3815 inquit,
2754 3746 2846 3800 sed
2888 3752 2940 3798 et
2973 3758 3091 3798 cam
3160 3761 3284 3813 quae
3354 3746 3571 3812 Videtur

295 3856 419 3895 esse
451 3840 503 3893 in
535 3854 699 3893 carne
732 3839 925 3894 habeo.
958 3838 1075 3894 Non
1107 3856 1237 3910 ergo
1271 3843 1421 3911 ipsos
1446 3845 1696 3911 vitupero
1727 3842 1871 3911 quod
1913 3858 2132 3896 caream
2177 3841 2551 3910 generositate
2582 3855 2703 3907 qua:
2732 3838 3031 3893 secundant
3064 3852 3284 3892 carnem
3317 3846 3423 3893 est.

370 3936 443 3989 El
489 3952 574 4000 τις
619 3934 787 3988 δοκεῖ
806 3936 996 4001 ἄλλος
1023 3938 1373 3991 πεποιθέναι
1405 3939 1474 3991 ἐν
1502 3940 1708 4005 σαρκὶ,
1755 3940 1872 4008 ἐγὼ

296 4027 555 4095 μᾶλλον,
576 4026 865 4096 περιτομῇ
890 4028 1255 4096 ὀκταήμερος·
1279 4029 1345 4082 ἐκ
1374 4029 1585 4098 γένους
1602 4031 1873 4099 Ἰσραὴλ,

297 4117 502 4185 φυλῆς
530 4117 830 4185 Βενιαμὶν,
872 4118 1133 4185 Ἐϐραῖος
1167 4119 1235 4182 ἐξ
1269 4120 1568 4187 Ἐϐραίων,
1595 4122 1743 4174 κατὰ
1772 4123 1870 4175 νό-

299 4226 416 4276 μον
437 4208 777 4276 Φαρισαῖος,
811 4210 960 4264 κατὰ
993 4209 1173 4277 ζῆλον
1206 4212 1437 4265 διώκων
1467 4213 1580 4281 τὴν
1626 4214 1875 4281 Ἐκκλη-

300 4300 467 4361 σίαν,
497 4300 647 4354 κατὰ
675 4299 1073 4369 δικαιοσύνην
1112 4302 1226 4369 τὴν
1261 4304 1331 4355 ἐν
1352 4306 1530 4372 νόμῳ,
1558 4306 1877 4372 γενόμενος

300 4391 627 4458 ἄμεμπτος.

374 4484 568 4546 Καλῶς
612 4484 692 4548 τὸ,
731 4489 912 4538 Δοκεῖ·
962 4487 994 4557 ἢ
1051 4489 1125 4551 ὡς
1164 4489 1262 4540 οὐκ
1312 4489 1544 4557 ἐχόντων
1612 4489 1882 4558 τοσαύτην

2062 3937 2148 4001 Ill,
2186 3940 2305 3992 4-6.
2348 3936 2407 3990 Si
2442 3939 2719 4006 quisquam
2762 3937 2900 3988 alius
2947 3935 3153 3988 ridetur
3185 3936 3441 4004 ﬁduciam
3472 3939 3568 3990 Ita-

1986 4033 2102 4086 bere
2145 4034 2198 4084 in
2242 4047 2420 4091 carne,
2461 4047 2551 4098 ego
2592 4029 2761 4096 magis
2800 4045 2819 4082 :
2854 4028 3197 4082 circumcisus
3245 4038 3426 4083 octavo
3460 4030 3566 4092 die,

1984 4136 2047 4174 ex
2083 4137 2262 4189 genere
2299 4118 2492 4183 Israel,
2531 4118 2593 4170 de
2633 4117 2772 4169 tribu
2815 4116 3102 4185 Beujamin
3147 4133 3165 4171 .'
3211 4117 3465 4172 Hebrum:
3505 4137 3570 4173 ea:

1989 4209 2250 4272 ﬂabra-is,
2277 4208 2439 4276 juxta
2480 4209 2643 4277 legem
2679 4206 2983 4260 Pltnriswus
3007 4223 3025 4260 :
3049 4206 3207 4275 juxta
3245 4210 3416 4261 zelum
3452 4224 3571 4276 per-

1985 4319 2200 4369 sequens
2229 4301 2543 4361 Ecclesium,
2579 4301 2745 4366 juxta
2785 4298 3061 4366 justitiam
3099 4315 3218 4367 qua:
3252 4301 3305 4352 iu
3328 4299 3435 4369 lege
3465 4312 3567 4367 est,

1989 4394 2163 4461 [actus
2198 4392 2690 4458 irrcprehcusibitis.

2063 4486 2204 4539 Bene
2234 4485 2387 4549 dicit,
2421 4482 2666 4545 Videtur,
2704 4493 2799 4536 aut
2831 4483 2975 4552 quod
3026 4500 3136 4540 non
3194 4485 3458 4539 haberent
3490 4485 3567 4539 illi

306 4577 627 4645 πεποίθησιν
680 4578 928 4639 ἐκείνων,
958 4580 1089 4647 ὅσην
1122 4580 1284 4641 αὐτὸς
1330 4578 1464 4648 ἔχει,
1493 4579 1525 4649 ἢ
1554 4579 1628 4640 ὡς
1662 4579 1763 4647 τῆς
1820 4580 1876 4630 ὲν

1987 4590 2190 4635 tantam
2241 4579 2437 4633 ﬁdendi
2489 4593 2711 4631 causam
2768 4591 3029 4647 quantam
3089 4581 3228 4649 ipse,
3282 4591 3374 4635 aut
3421 4580 3565 4649 quod

307 4671 469 4738 σαρκὶ
519 4670 917 4739 πεποιθήσεως,
970 4672 1103 4740 μηδὲ
1152 4672 1319 4739 οὔσης
1361 4672 1566 4742 κυρίως
1614 4671 1882 4741 πεποιθή-

307 4778 467 4822 σεως.
492 4757 625 4813 Εἷπε
646 4761 731 4815 δέ·
773 4763 984 4825 Ἄλλος,
1024 4762 1235 4825 δεικνὺς
1277 4763 1352 4825 ὡς
1416 4764 1517 4814 ούκ
1548 4763 1611 4816 ἄν
1637 4780 1767 4815 ποτε
1801 4764 1879 4824 εἰς

304 4854 431 4913 τοὺς
471 4854 661 4918 λόγους
689 4856 911 4916 τούτους
952 4855 1232 4923 ἐλήλυθεν,
1272 4857 1320 4907 εἰ
1374 4856 1448 4925 μὴ
1481 4855 1632 4909 ἄλλοι
1672 4856 1752 4916 εὶς
1777 4856 1876 4922 τὴν

310 4945 487 5014 σάρκα
511 4946 850 5009 πεποιθότες,
890 4949 970 5009 εἰς
998 4947 1154 5000 τοῦτο
1182 4948 1342 5001 αὑτὸν
1399 4950 1625 5018 ἢγαγον.
1655 4947 1797 5017 Ὅρα
1824 4947 1880 4999 δὲ

307 5036 424 5097 πῶς
450 5036 746 5105 ἀνωνύμως
772 5038 951 5090 αὐτῶν
977 5038 1338 5103 καθάπτεται,
1400 5040 1738 5109 φοϐούμενος
1803 5038 1879 5109 μὴ

307 5128 823 5196 ἀναισχυντοτέρσυς
845 5131 1064 5198 ποιήσῃ.
1108 5148 1126 5180 ι
1167 5130 1442 5200 Περιτομῇ
1465 5131 1832 5200 ὀκταήμερος.
1861 5148 1878 5182 ι

312 5214 385 5265 Τὸ
432 5216 611 5283 τίμιον
658 5220 786 5286 παρ’
824 5219 1007 5281 αὐτοῖς
1046 5218 1257 5271 τέθεικε
1302 5221 1539 5289 πρῶτον,
1586 5222 1676 5289 τὴν
1723 5238 1885 5288 περι-

307 5308 500 5375 τομήν.
540 5309 681 5377 Ὅρα
716 5309 769 5360 δὲ
812 5310 985 5379 πόσην
1026 5312 1345 5381 σωματικὴν
1384 5314 1667 5380 εὐγένειαν
1712 5313 1884 5380 λέγει,

311 5398 396 5448 in.
430 5399 503 5466 μὴ
526 5401 820 5467 νομίσωσιν
859 5401 907 5451 οἱ
946 5402 1205 5465 Ἰουδαῖοι,
1230 5403 1304 5465 ὡς
1344 5403 1549 5456 τούτων
1586 5403 1745 5455 αὑτὸν
1776 5406 1883 5455 ἁπ-

311 5491 699 5558 εττερημὲνον,
722 5491 899 5558 λέγειν
940 5493 1081 5561 οἱπερ
1119 5494 1357 5562 εἴρηκεν.
1388 5494 1595 5553 Ἀλὶως
1619 5494 1725 5561 γὰρ
1760 5511 1892 5545 κατ-

312 5584 631 5656 ῃτχύνοντο,
667 5586 877 5636 ἐκείνου
929 5586 1189 5653 ψέγοντος
1244 5588 1310 5639 τὰ
1364 5587 1492 5657 παρ’
1555 5588 1755 5648 αὐτοῖς,
1794 5585 1888 5637 τοῦ

320 5694 347 5742 p
369 5675 553 5729 κλιστα
582 5676 761 5729 πάντα
785 5676 1019 5745 ἔχοντος,
1052 5678 1144 5730 καί
1176 5696 1329 5749 φησι,
1368 5680 1636 5750 περιτομῇ
1684 5677 1889 5747 ὀκταή-

456 5852 493 5878 ¹τ
534 5850 547 5902 Ι
584 5851 741 5906 Joan.
778 5869 830 5915 ιι,
857 5852 944 5904 εὖ.

1992 4671 2188 4725 tiducia
2229 4685 2349 4738 qum
2397 4668 2449 4722 in
2484 4683 2651 4721 carne
2687 4676 2770 4721 est
2814 4684 2919 4724 non
2972 4669 3043 4722 sit
3086 4671 3303 4738 proprie
3344 4672 3563 4726 ﬁducia.

1994 4762 2137 4814 llixit
2177 4769 2354 4813 autem
2389 4773 2402 4807 :
2442 4756 2616 4822 Alius,
2659 4758 2959 4813 ostendens
2991 4759 3136 4827 quod
3184 4776 3461 4829 nunquam
3498 4763 3564 4813 ad

1990 4853 2091 4905 hos
2131 4864 2412 4904 sermones
2443 4849 2775 4907 devertisset,
2823 4848 2928 4901 nisi
2965 4849 3057 4901 alii
3095 4850 3185 4918 qui
3218 4851 3272 4903 in
3306 4865 3473 4905 carne
3502 4850 3567 4904 ﬁ-

1992 4944 2209 4997 duciam
2247 4940 2543 5004 habebant,
2578 4940 2753 5007 ipsum
2783 4940 2850 4992 ad
2889 4940 2991 4992 hoc
3029 4939 3401 5008 impulissent.
3427 4940 3566 4994 Ani-

1990 5031 2272 5087 madverte
2309 5044 2438 5084 vero
2477 5035 2751 5096 quomodo
2796 5028 2977 5082 tacitis
3014 5042 3205 5082 eorum
3252 5028 3565 5082 nominibus

1991 5122 2261 5191 objurget,
2284 5120 2491 5172 veritus
2522 5132 2590 5170 ne
2617 5117 2843 5170 nimium
2879 5117 3089 5187 pudore
3123 5118 3272 5185 ipsos
3303 5117 3565 5173 alliceret.

2000 5233 2017 5264 ι
2051 5212 2426 5267 Circumcisus
2467 5218 2662 5263 octavo
2704 5209 2811 5263 die.
2854 5228 2872 5259 ι
2919 5209 3073 5274 Quod
3125 5208 3270 5278 apud
3319 5209 3468 5279 ipsos
3512 5210 3568 5263 in

1997 5308 2171 5374 pretio
2193 5312 2329 5368 erat,
2353 5302 2588 5371 primum
2618 5310 2821 5371 pUSUll,
2846 5315 3040 5369 nempe
3065 5300 3567 5356 circumcisionem.

1996 5397 2296 5453 Considera
2328 5405 2509 5449 autem
2541 5403 2798 5465 quantam
2834 5401 2999 5461 ponat
3033 5393 3375 5461 corporalem
3411 5392 3573 5447 nobi-

1998 5493 2229 5551 litatem,
2264 5504 2329 5541 ne
2357 5487 2670 5540 existiment
2699 5483 2872 5538 Judaei
2913 5486 3090 5553 ipsum
3122 5483 3328 5537 dixisse
3358 5498 3422 5537 ea
3448 5499 3571 5552 quze

1998 5581 2158 5643 dixit,
2196 5594 2260 5631 co
2306 5578 2453 5646 quod
2503 5577 2586 5629 his
2627 5583 2859 5629 careret.
2909 5574 3140 5628 Maxime
3180 5575 3323 5628 enim
3365 5574 3574 5643 pudore

1998 5669 2457 5728 sutl'undcbantur
2484 5670 2613 5725 dum
2640 5683 2706 5724 ea
2736 5683 2857 5739 qua:
2887 5667 3031 5735 apud
3064 5666 3213 5736 ipsos
3242 5673 3400 5722 erant
3428 5666 3577 5722 vitu-
