4216 6450
636 421 772 481 ἰὲθθ

1678 420 2074 478 (ΕΕΗΜΕΝΙΙ
2118 421 2409 480 ΤΒΙΕΟᾹΞ
2444 424 2781 483 EPISCOI'I

3755 423 3894 488 13m)

630 534 857 604 perabat
888 534 979 586 ille
1009 533 1098 601 qui
1128 540 1324 584 cuncta
1355 531 1685 584 excellenter
1716 530 1947 584 habebat
1976 544 1990 582 :
2022 537 2076 584 et
2107 529 2206 595 ait,

2317 551 2501 604 μερος.
2532 535 2681 598 Τέως
2718 534 2992 588 δείκνυσιν
3023 534 3105 587 ὅτι
3145 534 3247 589 οὐκ
3275 528 3342 605 ἦν
3373 534 3730 604 προσήλυτος.
3755 553 3773 585 ι
3798 536 3896 587 Ἐκ

628 626 1003 680 Circumcisus
1045 630 1242 677 octavo
1290 624 1397 687 die,
1449 622 1748 676 ostendens
1798 623 2014 674 interim
2063 623 2210 692 quod

596 718 600 722 ’
632 734 739 770 non
771 718 841 770 sit
875 715 1181 786 proselytus
1212 715 1327 767 sive
1355 713 1585 767 advena.
1616 734 1633 764 ι
1665 713 1736 765 Ex
1763 726 1958 782 genere
1987 712 2205 767 Israel.»

629 807 876 863 Ostendit
909 806 1051 874 quod
1083 821 1259 874 neque.
1289 820 1355 858 ex
1390 806 1676 875 prosclytis
1705 805 2043 872 parentibus.
2080 823 2098 855 ι
2137 804 2210 858 De

630 898 776 950 tribu
812 896 1117 965 Benjamin.
1154 915 1174 949 ι
1221 896 1353 963 Quae
1395 898 1539 950 clara
1588 896 1893 950 habebatur
1932 896 2074 967 apud
2115 894 2212 950 Ju-

627 990 794 1042 daaos.
828 1007 844 1039 ι
874 987 1136 1044 llebrants
1164 1004 1227 1042 ex
1264 989 1558 1042 Hebra-is.t
1590 990 1633 1041 A
1667 988 1982 1053 majoribus.
2008 989 2205 1058 inquit.

627 1095 690 1131 ex
730 1079 974 1147 probatis
1009 1094 1130 1133 smn
1160 1078 1361 1132 Juda-is
1391 1079 1695 1148 (Coutingit
1725 1081 1870 1132 enim
1903 1095 1969 1134 ex
2006 1095 2208 1150 genere

626 1168 793 1224 Israel
820 1186 944 1227 esse
968 1182 1020 1225 et
1050 1188 1161 1226 non
1193 1186 1315 1225 esse
1340 1170 1630 1241 Judaeum).
1660 1192 1675 1225 ι
1700 1172 2013 1228 Ποιηνευε.»
2039 1173 2205 1239 Quasi

625 1267 768 1320 dicat
800 1267 943 1331 quod
981 1265 1044 1317 ad
1077 1265 1444 1331 cognitionem
1487 1264 1767 1317 llebraicae
1804 1266 1999 1333 linguae
2039 1266 2207 1336 perti-

627 1358 783 1420 gerit.
812 1354 946 1407 Nam
980 1363 1266 1422 postquam
1296 1356 1438 1409 inter
1470 1365 1657 1423 gentes
1687 1356 1923 1425 dispersi
1957 1355 2204 1418 fuerunt,

625 1448 694 1498 ob
725 1448 945 1499 multam
981 1455 1220 1514 paternae
1246 1445 1444 1514 lingua:
1471 1446 1859 1515 ignorantiam,
1882 1461 1990 1500 non
2016 1458 2206 1501 exacte

628 1546 894 1590 noverant
928 1538 1236 1606 scripturas
1265 1553 1385 1605 qua:
1423 1538 1564 1605 apud
1592 1535 1812 1593 Iudaeos
1842 1548 1999 1592 erant
2030 1554 2205 1604 neque

627 1627 796 1693 legem
826 1628 1022 1696 ipsam.
1055 1646 1072 1679 ι
1102 1626 1263 1681 Juxta
1297 1629 1466 1696 legem
1501 1628 1829 1683 Pharisaeus.
1851 1650 1868 1681 ι
1898 1628 2022 1683 Ηιεο
2054 1637 2201 1684 secta

625 1720 768 1785 apud
794 1717 1010 1773 JlltliPOS
1036 1719 1182 1773 clara
1220 1728 1360 1773 erat.
1400 1720 1814 1789 Consequenter
1841 1722 2002 1775 etiam
2032 1724 2171 1776 virtu

627 1821 733 1863 tem
768 1809 933 1864 refert
963 1826 1083 1879 quae
1112 1826 1178 1864 ex
1214 1812 1494 1865 voluntate
1534 1823 1617 1865 est
1653 1831 1666 1867 :
1708 1813 1890 1880 priora
1928 1813 2197 1882 siquidem

628 1915 733 1951 non
773 1910 931 1954 erant
970 1900 1298 1954 voluntaria.
1339 1900 1499 1956 Zelus
1539 1903 1653 1956 sive
1690 1902 1966 1956 aemulatio
2004 1918 2068 1957 ex
2103 1919 2198 1956 vo-

629 1993 838 2047 luntate
868 2004 1158 2061 est,porro
1190 1993 1497 2046 voluntaria
1531 2008 1636 2045 non
1670 2000 1797 2046 sunt
1828 1992 2201 2057 circumcisio,

624 2097 747 2137 esse
790 2100 856 2139 ex
897 2100 1096 2155 genere
1156 2086 1351 2147 Israel,
1405 2085 1471 2138 de
1532 2084 1673 2138 tribu
1729 2083 2048 2152 Beujamin,
2098 2096 2200 2140 etc.

631 2192 649 2224 ι
679 2173 844 2229 Juxta
880 2178 1075 2231 zelum.
1112 2195 1130 2229 ι
1165 2176 1298 2231 Nam
1334 2175 1606 2245 centingit
1635 2190 1754 2229 esse
1787 2174 2121 2230 Phariszeunt
2151 2186 2204 2231 et

626 2280 735 2319 non
764 2267 1162 2322 mmulatorem.
1212 2266 1322 2338 94
1360 2265 1522 2319 Juxta
1550 2266 1821 2334 justitiam
1853 2283 1973 2337 quae
2009 2268 2062 2321 in
2096 2270 2208 2339 lege

2315 626 2505 693 γένους
2548 624 2781 694 Ἰσραήλ.
2828 642 2845 674 ι
2889 624 3170 677 Δείκνυσιν
3221 624 3302 676 ὅτι
3348 623 3469 676 οὐδὲ
3515 626 3577 675 ὲκ
3620 623 3897 692 προσηλύ-

2314 732 2421 767 των
2453 717 2675 782 γονέων.
2715 734 2731 767 ι
2765 716 2940 785 Φυλῆς
2958 714 3234 783 Βενιαμίν.
3269 733 3287 765 ι
3318 714 3431 783 Τῆς
3473 713 3892 781 εὐδοκιμούσης,

2314 806 2469 876 φησὶ,
2530 806 2682 877 παρὰ
2712 807 3005 869 Ἰουδαίοις.
3048 824 3066 857 ι
3123 805 3371 875 Ἐϐραῖος
3432 804 3490 869 ἐξ
3530 802 3819 872 Ἐϐραίων.
3871 821 3889 852 ι

2318 899 2579 961 ’Δνωθεν,
2613 900 2769 971 φησὶ.
2800 901 2905 953 τῶν
2956 898 3261 968 εὐδοκίμων
3299 896 3569 953 Ἰουδαίων
3623 895 3761 963 εἰμὶ,
3792 894 3894 964 (ἔνι

2313 988 2421 1058 γὰρ
2475 984 2613 1042 εἶναι
2642 991 2704 1042 ἐκ
2730 989 2920 1055 γένους
2945 988 3186 1058 Ἰσραὴλ,
3231 988 3324 1039 καὶ
3355 984 3431 1055 μὴ
3467 984 3766 1053 Ἐϐραῖον),
3806 984 3891 1044 τὸ,

2317 1101 2335 1133 ο
2382 1081 2652 1152 Ἐσραῖον,
2693 1101 2712 1133 ›
2755 1081 2829 1143 ὼς
2879 1080 3016 1151 πρὸς
3067 1080 3167 1148 τὴν
3222 1079 3427 1146 είδησιν
3467 1076 3564 1145 τῆς
3606 1076 3893 1144 Ἐὕραῖδος

2311 1172 2561 1240 γλώσσης
2596 1172 2911 1241 δεξάμενος.
2950 1171 3100 1224 Μετὰ
3127 1170 3235 1239 γὰρ
3272 1169 3333 1220 τὸ
3353 1165 3777 1235 κατασπαρῆναι
3832 1166 3892 1215 ἐν

2309 1266 2419 1325 τοῖς
2439 1264 2637 1324 ἔθνεσι,
2674 1265 2842 1333 πολλῇ
2887 1266 2951 1333 τῇ
2983 1264 3179 1329 ἀγνοίᾳ
3207 1264 3306 1331 τῆς
3351 1260 3583 1329 πατρίου
3613 1256 3889 1326 γλώσσης,

2308 1356 2407 1409 οὐκ
2426 1354 2737 1426 ὴκριϐὦντο
2766 1354 2864 1416 τὰς
2897 1353 3048 1424 παρὰ
3082 1352 3357 1414 Ἰουδαίοις
3389 1350 3631 1418 γραφὰς,
3661 1348 3781 1399 οὐδὲ
3802 1347 3894 1398 τὸν

2308 1449 2471 1517 νόμον
2504 1449 2687 1501 αὐτόν.
2729 1467 2746 1497 ι
2789 1448 2942 1500 Κατὰ
3000 1449 3164 1515 νόμον
3202 1447 3516 1515 Φαρισαῖος.
3575 1461 3591 1493 i
3643 1442 3706 1493 Ἠ
3737 1440 3894 1491 εὐδό-

2308 1558 2467 1608 κιμος
2503 1541 2652 1608 παρὰ
2704 1540 2979 1599 Ἰουδαίοις
3000 1541 3213 1606 αἵρεσις
3247 1539 3409 1606 αὕτη.
3435 1536 3635 1589 Λοιπδν
3660 1534 3768 1600 γὰρ
3795 1530 3894 1583 καὶ

2303 1629 2403 1698 τὴν
2434 1631 2496 1682 ὲκ
2537 1628 2911 1698 προαιρέσεως
2942 1629 3144 1698 ἀρετὴν
3173 1629 3322 1694 λέγει
3358 1643 3374 1656 θ
3414 1626 3482 1677 τὰ
3529 1625 3639 1691 γὰρ
3673 1621 3891 1690 πρῶται

2304 1722 2645 1788 ἀπροαίρετα
2666 1714 2757 1788 ἦν.
2777 1720 2871 1771 Ἐκ
2896 1720 3273 1788 προαιρέσεως
3294 1719 3321 1770 ὁ
3342 1718 3521 1786 ζῆλος,
3550 1714 3894 1783 ἁπροαίρετα

2302 1809 2356 1861 δὲ
2387 1811 2417 1878 ἡ
2447 1808 2739 1879 περιτομὴ,
2773 1810 2835 1860 ὲκ
2870 1808 3063 1875 γένους
3094 1806 3340 1877 Ἰσραὴλ,
3398 1805 3571 1873 φυλῆς
3608 1804 3892 1871 Βενιαμὶν,

2304 1904 2395 1956 καὶ
2432 1903 2500 1955 τὰ
2532 1904 2681 1971 ἑξῆς.
2720 1922 2735 1954 ι
2788 1904 2942 1956 Κατὰ
2970 1902 3154 1971 ζῆλον.
3188 1920 3205 1951 ›
3263 1902 3422 1953 Ἐστι
3452 1899 3561 1968 γὰρ
3591 1894 3732 1951 εἶναι
3794 1897 3895 1964 μὲν

2302 1996 2617 2065 Φαρισαῖον,
2644 1996 2703 2046 οὐ
2741 1995 2847 2063 μὴν
2898 1994 3165 2063 ζηλωτήν.
3203 1991 3362 2044 Κατὰ
3396 1989 3749 2055 δικαιοσύνην
3792 1985 3893 2054 τὴν

2304 2087 2360 2137 ἐν
2401 2086 2572 2156 νόμῳ.
2628 2085 2847 2154 Ἐπειδὴ
2876 2086 2968 2137 καὶ
3004 2084 3246 2137 Ἰουδαῖοι
3272 2082 3495 2135 ἐδίωκον
3526 2080 3625 2148 τὴν
3655 2075 3892 2143 Ἐκκλη-

2309 2178 2450 2240 σίαν,
2501 2180 2562 2231 οὺ
2597 2179 2683 2231 διὰ
2721 2179 2882 2248 ζῆλον
2917 2177 3078 2241 Θεοῦ,
3132 2175 3268 2228 ἀλλὰ
3301 2174 3391 2227 διὰ
3430 2171 3748 2241 φιλαρχίαν,
3797 2170 3894 2220 καὶ

2306 2272 2464 2322 τοῦτο
2482 2272 2864 2339 ἀσφαλίζεται.
2910 2272 2970 2325 ὐ
2989 2272 3098 2340 γὰρ
3125 2271 3266 2323 κατὰ
3294 2268 3391 2339 τὴν
3416 2270 3473 2320 ἐν
3508 2267 3657 2335 νόμῳ
3688 2266 3897 2317 δικαιο-

626 2364 731 2409 est.
773 2353 1044 2423 Quoniam
1088 2372 1222 2412 sane
1265 2356 1436 2410 Judazi
1484 2369 1704 2425 quoque
1748 2358 2210 2426 persequebantur

2311 2360 2476 2431 σύνην
2509 2362 2800 2433 ἄμεμπτος
2837 2362 2934 2422 ὣν,
2968 2362 3085 2424 πῶς
3138 2361 3204 2415 ἂν
3233 2360 3320 2412 διὰ
3368 2356 3665 2428 φιλαρχίαν
3696 2354 3893 2423 ἔμελλε

627 2445 955 2512 Ecclesiam,
988 2465 1095 2503 non
1130 2460 1350 2519 propter
1382 2448 1557 2501 zelum
1592 2447 1708 2512 Dei,
1732 2449 1825 2503 sed
1864 2460 2088 2518 propter
2115 2466 2225 2504 am-

2310 2453 2555 2515 διὼκειν,
2592 2456 2687 2507 καὶ
2710 2456 2770 2508 οὐ
2799 2456 2943 2507 κατὰ
2974 2455 3135 2522 ζῆλον
3154 2453 3289 2505 Θεοῦ
3315 2471 3329 2517 ;

630 2541 878 2597 bitiosam
918 2544 1255 2614 principatus
1277 2543 1697 2608 afl‘eetationem,
1728 2544 1891 2598 etiam
1926 2544 2026 2597 hac
2058 2555 2207 2615 parte
2246 2561 2304 2601 se
2334 2550 2529 2603 munit.
2599 2551 2702 2616 Qui
2733 2552 2877 2605 enim
2909 2550 3063 2619 juxta
3093 2548 3361 2616 justitiam
3393 2561 3514 2615 qttze
3547 2544 3598 2595 in
3639 2543 3753 2610 lege
3792 2549 3873 2593 est

628 2633 1129 2703 irrepreheusibilis
1165 2647 1304 2698 erat,
1347 2635 1625 2704 quomodo
1664 2633 1781 2690 fieri
1814 2635 2107 2705 potuisset,
2180 2644 2239 2690 ut
2314 2640 2654 2709 principatus
2705 2656 2889 2695 amore
2945 2646 3367 2709 persequeretur
3413 2645 3467 2690 et
3521 2648 3626 2687 nou
3672 2647 3737 2686 ex
3794 2629 3889 2685 Dei

628 2730 794 2785 zelo?

699 2818 789 2887 ΙΙΙ,
811 2820 922 2876 τε).
961 2821 1064 2876 Sed
1089 2838 1203 2891 qum
1232 2822 1362 2874 mihi
1386 2832 1541 2875 erant
1570 2822 1741 2883 lucra,
1764 2822 2055 2876 arbitratus
2084 2839 2200 2875 sunt

626 2924 840 2982 propter
871 2914 1139 2967 Christum
1176 2917 1424 2967 damnum
1461 2932 1591 2969 esse.
1637 2915 1942 2980 Quinetiam
1972 2916 2204 2969 arbitror

626 3006 805 3058 omnia
845 3004 1099 3059 damnum
1131 3022 1261 3069 esse,
1300 3016 1511 3071 propter
1546 3005 1913 3059 excellentiam
1952 3006 2203 3074 cognitio-

628 3095 709 3147 nis
742 3093 941 3148 Christi
971 3092 1100 3149 Iesu
1136 3096 1347 3149 Domini
1382 3096 1504 3158 mei,
1542 3105 1753 3161 propter
1785 3110 1933 3157 quem
1973 3094 2203 3146 omnium

628 3183 727 3251 [xi
760 3185 1036 3251 jaoturam
1067 3184 1332 3253 habeoque
1373 3202 1468 3253 pro
1507 3184 1909 3252 rejectameutis,
1952 3194 2006 3236 ut
2051 3183 2206 3238 Chri—

628 3286 767 3329 stum
804 3277 1162 3343 lucrifaciat",
1206 3288 1363 3347 utque
1396 3278 1630 3343 reperiar
1662 3278 1715 3329 in
1754 3276 1848 3328 illo
1884 3293 1984 3328 non
2016 3277 2207 3327 habens

629 3383 800 3421 meam
831 3369 1104 3435 justitiam
1144 3384 1259 3430 qua:
1306 3384 1370 3420 ea:
1406 3370 1515 3438 lege
1555 3377 1653 3434 est,
1697 3368 1788 3421 sed
1824 3383 1938 3422 eam
1975 3382 2091 3433 qua:
2130 3374 2205 3417 est

627 3474 722 3525 per
752 3459 906 3519 ﬁdem
944 3457 1165 3513 Christi.

698 3547 937 3605 Lucrum
966 3552 1105 3605 dicit
1129 3567 1249 3619 quae
1280 3552 1385 3606 sibi
1422 3569 1449 3605 a
1488 3553 1603 3621 lege
1634 3552 1861 3605 collecta
1893 3560 2066 3603 erant.
2106 3549 2208 3602 Ita-

631 3656 736 3706 qre
792 3656 900 3694 non
950 3642 1191 3695 detrahit
1230 3643 1353 3709 legi,
1391 3642 1556 3696 veluti
1615 3642 1847 3695 delirant
1886 3650 1940 3694 et
1979 3642 2208 3693 Marcio-

633 3741 809 3789 toue.
848 3731 1018 3785 Porro
1044 3748 1356 3801 quanquam
1394 3734 1507 3802 ipsa
1544 3741 1767 3801 propter
1790 3732 2071 3786 Christum
2105 3731 2210 3785 du-

629 3832 829 3874 cantur
875 3837 997 3875 esse
1043 3823 1324 3886 damnum,
1375 3839 1486 3875 non
1538 3823 1861 3891 simpliciter
1908 3824 2008 3875 hoc
2058 3822 2208 3885 dicit,

629 3912 772 3982 quod
801 3929 923 3968 esse
955 3924 1135 3981 posset
1172 3914 1528 3982 improbautis
1562 3915 1731 3984 legem
1767 3930 1778 3963 :
1814 3914 1907 3967 sed
1937 3913 2199 3967 damnum

631 4006 747 4073 ipsa
787 4012 946 4058 vocat
984 4005 1279 4059 collatione
1329 4021 1423 4060 seu
1468 4006 1882 4074 comparatione
1930 4004 1997 4057 ad
2050 4004 2209 4058 Chri-

631 4095 971 4163 stttm,quod
1018 4096 1191 4164 magis
1240 4095 1303 4148 ad
1355 4096 1571 4149 laudem
1611 4096 1746 4166 legis
1793 4096 1984 4157 tendit,
2019 4110 2212 4162 nempe

630 4188 776 4252 quod
810 4187 918 4239 alio
950 4187 1112 4239 modo
1153 4203 1262 4242 non
1308 4188 1503 4242 audeat
1541 4202 1659 4241 eam
1705 4200 1902 4240 vocare
1948 4189 2210 4240 damnum

632 4274 737 4329 uisi
800 4274 1092 4328 collatione
1153 4291 1250 4329 seu
1310 4277 1719 4343 comparatione
1777 4276 1844 4329 ad
1904 4276 2206 4330 Christum.

638 4386 653 4413 ι
698 4363 821 4418 lla-c
864 4366 1163 4420 arbitratus
1204 4380 1345 4420 sum.
1382 4384 1401 4417 ι
1458 4365 1512 4419 Si
1556 4367 1738 4419 omnia
1779 4366 2043 4420 damnum
2088 4382 2211 4421 esse

631 4456 809 4519 ducis,
839 4470 872 4509 ο
902 4453 1095 4519 Paule,
1120 4458 1283 4509 etiam
1320 4457 1437 4524 ipsa
1470 4471 1591 4524 qua:
1620 4458 1981 4524 corporaliter
2010 4460 2061 4509 in
2096 4459 2211 4524 lege

2378 2824 2542 2877 Ἀλλ’
2576 2825 2613 2878 ἄ
2643 2825 2775 2876 τινά
2811 2842 2912 2890 μοι
2957 2820 3030 2891 ἦν
3053 2822 3257 2889 κέρδη,
3293 2821 3481 2873 ταῦτα
3521 2821 3746 2887 ἥγημαι
3794 2817 3891 2869 διὰ

2309 2916 2415 2969 τὸν
2444 2915 2705 2983 Χριστὸν
2731 2914 2960 2981 (tuttur.
2988 2914 3164 2966 Ἀλλὰ
3194 2912 3310 2980 μὲν
3333 2908 3447 2965 οὖν
3476 2911 3571 2963 καὶ
3632 2911 3887 2979 ἡγοῦμαι

2312 3007 2508 3060 πάντα
2527 3007 2737 3073 ζημίαν
2755 3002 2927 3067 εἶναι,
2952 3004 3045 3056 διὰ
3070 3005 3135 3057 τὸ
3152 3004 3453 3072 ὑπερέχον
3479 3002 3585 3068 τῆς
3611 3001 3891 3069 πηρώσεως

2312 3099 2571 3165 Χριστοῦ
2607 3096 2805 3164 Ἰησοῦ
2838 3097 2943 3149 τοῦ
2974 3098 3193 3162 Κυρίου
3219 3113 3359 3163 μου,
3391 3095 3465 3146 δι’
3496 3095 3567 3146 ὃν
3596 3092 3667 3145 τὰ
3691 3095 3890 3144 πάντα

2314 3183 2659 3251 ὲῦῖμιὼθην,
2695 3181 2794 3234 καὶ
2824 3181 3078 3247 ἠγοῦμαι
3106 3181 3381 3232 σκύϐαλα
3417 3174 3569 3231 εἶναι
3632 3178 3733 3231 ἵνα
3760 3180 3889 3242 Χρι-

2315 3278 2468 3329 στὸν
2508 3274 2800 3342 κερδήσω,
2859 3272 2957 3324 καὶ
2993 3269 3213 3337 εὑρεθῶ
3272 3272 3341 3322 ἐν
3400 3269 3562 3333 αὐτῷ
3595 3268 3679 3336 μὴ
3733 3268 3891 3333 ἔχων

2311 3368 2463 3435 ἐμὴν
2518 3367 2918 3429 δικαιοσύνην
2946 3365 3060 3431 τὴν
3108 3364 3175 3417 ἐκ
3196 3366 3408 3430 νόμου,
3466 3361 3626 3415 ἀλλὰ
3654 3359 3767 3427 τὴν
3790 3359 3891 3411 διὰ

2312 3462 2571 3522 πίστεως
2602 3457 2882 3525 Χριστοῦ.

2383 3550 2585 3623 [ΦΩΤ.]
2616 3550 2818 3619 Κέρδος
2842 3550 3010 3616 λέγει,
3035 3551 3103 3601 τὰ
3124 3548 3232 3599 ἀπὸ
3258 3547 3351 3599 τοῦ
3368 3546 3533 3613 νόμου
3561 3546 3890 3611 συλλεγέντα

2316 3644 2485 3713 αὐτῷ.
2523 3645 2681 3695 Ὥστε
2714 3643 2772 3695 οὐ
2804 3642 3016 3703 κακίζει
3051 3641 3143 3693 τὸν
3175 3640 3359 3709 νόμον,
3389 3640 3465 3702 ὡς
3504 3641 3553 3691 οἱ
3593 3640 3703 3691 ἀπὸ
3730 3640 3888 3707 Μαρ-

2315 3737 2509 3797 κίωνος
2542 3734 2821 3805 ληροῦσιν.
2848 3734 2909 3784 ΕΞ
2933 3732 2989 3784 δὲ
3012 3733 3106 3784 καὶ
3134 3734 3347 3800 ἡγεῖται
3372 3731 3510 3783 αὐτὰ
3548 3730 3773 3798 ζημίαν,
3792 3732 3893 3797 οὐχ

2315 3831 2499 3890 ἁπλῶς
2523 3831 2671 3895 λέγει
2705 3830 2879 3893 τοῦτο,
2900 3829 3037 3895 ὅπερ
3061 3828 3124 3880 ἂν
3147 3824 3213 3897 ἦν
3242 3826 3561 3889 κακίζοντος
3584 3829 3674 3880 τὸν
3704 3828 3890 3894 νόμον,

2315 3924 2450 3977 ἀλλὰ
2478 3922 2680 3990 ζημίαν
2706 3922 2844 3974 αὐτὰ
2876 3920 3052 3979 καλεῖ,
3076 3923 3143 3989 τῇ
3176 3922 3313 3989 πρὸς
3339 3921 3576 3989 Χριστὸν
3602 3921 3889 3988 συγκρίσει

2315 4016 2410 4068 καλ⁸
2444 4013 2771 4083 παραθέσει,
2805 4014 2940 4081 ὅπερ
2981 4012 3181 4080 μᾶλλον
3211 4013 3289 4073 εἰς
3319 4011 3595 4078 ἐγκώμιον
3613 4011 3703 4062 τοῦ
3723 4014 3891 4079 νόμου

2314 4107 2476 4165 τελεῖ,
2511 4105 2571 4157 τὸ
2607 4104 2680 4174 μὴ
2709 4105 2883 4166 ἄλλως
2914 4105 3117 4173 τολμᾷν
3151 4103 3355 4171 ζημίαν
3406 4104 3568 4155 αὐτὸν
3602 4102 3809 4161 καλεῖν,
3845 4105 3892 4154 εί

2318 4202 2392 4268 μὴ
2448 4201 2512 4267 τῇ
2571 4198 2708 4267 πρὸς
2754 4196 2990 4265 Χριστὸν
3045 4196 3348 4264 παραθέσει
3416 4196 3511 4248 καὶ
3578 4197 3889 4262 συγκρίσει.

2312 4322 2378 4331 —
2410 4310 2427 4341 ι
2468 4290 2652 4343 Ταῦτα
2676 4291 2923 4358 ἥγημαι.
2966 4308 2982 4338 i
3025 4288 3185 4359 [ΤΟΥ
3220 4287 3500 4357 ΑΥΤΟΥ.]
3535 4288 3595 4339 Εἰ
3629 4289 3730 4355 ἡγῇ
3761 4289 3894 4341 πάν-

2313 4402 2381 4437 τα
2416 4384 2640 4453 ζημίαν,
2670 4376 2714 4433 ὦ
2736 4381 2936 4443 Παῦλε,
2966 4382 3056 4433 καὶ
3080 4382 3218 4434 αὖτᾶ
3240 4381 3305 4433 τὰ
3338 4381 3666 4448 σωματικῶς
3691 4380 3897 4441 φυλατιο

2314 4476 2515 4544 τόμενα
2539 4475 2632 4527 τοῦ
2667 4476 2852 4543 νόμου,
2893 4475 2979 4526 διὰ.
3004 4474 3062 4524 τὸ
3108 4472 3445 4543 ὑπερϐάλλον
3489 4472 3588 4539 τῆς
3634 4471 3894 4537 γνώσεως

631 4555 918 4600 servantur
947 4559 1168 4615 propter
1195 4548 1571 4601 excelientiam
1603 4548 1930 4616 cognitionis
1957 4547 2160 4602 Christi
2188 4566 2200 4600 :

2314 4568 2569 4637 Χριστοῦ,
2612 4568 2729 4628 πῶς
2791 4566 2972 4633 λέγεις
3007 4565 3188 4629 εὐθὺς,
3222 4564 3289 4615 δι’
3315 4563 3375 4615 ὃν
3419 4564 3599 4616 πάντα
3640 4562 3885 4631 ἐζημιώ-

631 4637 907 4705 quomodo
931 4639 1113 4691 statim
1138 4638 1299 4703 dicis,
1324 4638 1551 4708 Propter
1573 4655 1733 4707 quem
1759 4640 2001 4694 omnium
2025 4641 2207 4709 jactu-

635 4746 748 4784 ram
774 4729 1044 4784 feci.Nam
1070 4730 1251 4785 dicere
1276 4730 1551 4785 Jacturam
1576 4731 1820 4793 feci,non
1846 4742 1929 4786 est
1951 4733 2207 4787 damnum

634 4822 876 4890 abjicere
901 4821 1026 4888 (hoc
1056 4823 1200 4876 enim
1228 4822 1409 4891 potius
1435 4832 1517 4876 est
1543 4823 1754 4879 lucrum
1783 4824 1981 4887 facere,
2014 4840 2211 4892 nempe

632 4928 662 4966 a
688 4913 889 4967 damno
920 4913 1189 4983 liberari);
1207 4916 1299 4969 sed
1332 4916 1509 4982 potius
1531 4915 1891 4985 quarumdam
1919 4918 2107 4971 vilium
2133 4933 2212 4971 re-

633 5020 754 5059 rum
786 5005 1153 5074 abjectionem
1187 5007 1484 5076 significat.
1511 5008 1798 5073 Quomodo
1830 5024 1959 5079 ergo
1989 5024 2114 5064 cum
2145 5025 2208 5064 ea

633 5096 825 5163 abjicis
874 5113 996 5166 quae
1039 5092 1197 5161 duds
1246 5114 1369 5153 esse
1410 5100 1689 5163 damnum,
1739 5100 1821 5155 ais
1867 5120 1880 5154 :
1928 5099 2207 5158 Jacturam

634 5184 774 5241 feci?
798 5186 863 5241 Et
888 5189 1125 5244 dicimus
1147 5193 1293 5260 quod
1322 5206 1429 5245 non
1456 5192 1779 5262 simpliciter
1806 5194 1923 5249 haec
1946 5195 2206 5251 damnum

633 5293 759 5333 esse
794 5279 1070 5343 ducebat,
1120 5283 1215 5335 sed
1260 5281 1325 5334 ad
1364 5284 1827 5351 comparationem
1865 5285 2209 5354 perfectioris

635 5370 936 5424 secundum
973 5371 1144 5426 Deum
1181 5374 1512 5443 cognitionis
1542 5394 1554 5428 :
1582 5377 2026 5445 quandoquidem
2062 5380 2113 5433 in
2149 5396 2208 5435 se

632 5460 846 5516 lucrum
876 5478 939 5517 ea
971 5479 1095 5520 esse
1128 5466 1504 5521 existimabat.
1541 5466 1667 5521 Ideo
1697 5468 1954 5522 damnum
1988 5472 2208 5540 quidem

635 5568 758 5606 esse
792 5554 1032 5608 arbitror
1057 5556 1467 5625 comparatione
1506 5558 1792 5612 meliorum
1828 5577 1841 5612 :
1883 5558 1985 5613 feci
2023 5569 2206 5613 autem

632 5642 905 5710 iacturam
944 5645 997 5699 in
1039 5661 1098 5701 se
1128 5654 1181 5701 et
1211 5648 1391 5717 quoad
1428 5648 1561 5719 legis
1596 5658 1871 5703 naturaut.
1901 5652 2010 5705 Aut
2041 5652 2205 5706 etiam

635 5732 741 5788 hoc
771 5735 955 5792 dicere
991 5747 1207 5807 oportet
1240 5742 1384 5809 quod
1421 5740 1547 5795 divo
1577 5743 1745 5796 Paulo
1777 5759 1909 5798 cura
1946 5760 2055 5798 non
2092 5755 2209 5799 erat

636 5825 703 5883 de
741 5827 1012 5901 elegantia
1053 5840 1107 5888 et
1151 5833 1487 5904 proprietate
1531 5834 1845 5894 Graecorum
1896 5839 2204 5910 nominum,

2314 4662 2448 4730 θηνι
2501 4660 2562 4712 τὸ
2590 4663 2698 4730 γὰρ
2738 4661 2937 4727 λέγειν,
2977 4657 3344 4727 Ἐζημιὼοην,
3393 4658 3492 4709 οὐκ
3527 4656 3639 4708 ἔστι
3686 4656 3893 4724 ζημίαν

2313 4752 2628 4813 ἀποϐαλεῖν,
2673 4750 2855 4821 (τοῦτο
2900 4752 3011 4821 γὰρ
3071 4751 3271 4820 μᾶλλον
3325 4749 3591 4818 κερδῆσαί
3639 4749 3776 4813 ἐστι,
3833 4751 3893 4801 τὸ

2312 4842 2745 4911 ἑλευθερωθῆναι
2797 4842 3049 4912 ζημίας,)
3118 4841 3253 4893 ἀλλὰ
3296 4842 3494 4909 μᾶλλον
3549 4842 3891 4909 πραγμάτων

2312 4934 2607 4985 λυσιτελῶν
2660 4951 2823 4986 τινων
2896 4934 3153 5002 σημαίνει
3205 4933 3501 5001 ἀποὸολὴν.
3563 4933 3687 4994 Πῶς
3739 4930 3889 4985 οἷνᾶ

2311 5027 2516 5095 ἥγησαι
2544 5024 2767 5093 ζημίαν,
2788 5025 2957 5078 ταῦτα
2978 5024 3199 5077 ἀποτιθέ
3210 5041 3367 5093 μενος
3393 5024 3593 5090 λέγεις,
3626 5024 3741 5076 Ὀτι

2316 5118 2557 5187 μιώθην;
2608 5119 2718 5171 Καί
2765 5135 2968 5186 φαμεν,
3002 5119 3085 5170 ὅτι
3124 5117 3221 5186 οὐχ
3279 5115 3466 5177 ἁπλῶς
3498 5115 3669 5168 ταῦτα
3704 5117 3890 5183 ἠγεῖτο

2312 5208 2540 5278 ζημίαν,
2571 5208 2707 5262 ἀλλά
2738 5208 2873 5279 πρὸς
2899 5208 3188 5279 σύγκρισιν
3238 5207 3582 5275 τελειοτέρας
3610 5208 3708 5274 τῆς
3748 5210 3890 5259 κατᾶ

2312 5299 2548 5369 Χριστὸν
2603 5297 2877 5368 γνώσεως,
2942 5300 3063 5351 ἐπεὶ
3121 5300 3243 5353 καθ’
3282 5299 3438 5362 αὐτὸ,
3500 5298 3693 5365 κέρδος
3747 5298 3889 5350 uiti

2312 5393 2578 5461 ἐνόμιζεν.
2621 5390 2713 5443 Διὸ
2749 5392 2809 5441 τ⁵>
2847 5391 2966 5460 μὲν,
3012 5390 3253 5460 ἡγοῦμαι
3287 5390 3511 5458 ζημίαν,
3559 5390 3695 5457 πρὸς
3757 5392 3857 5453 σ’ὶγ

2312 5501 2492 5555 κρισιν
2523 5484 2630 5535 τῶν
2656 5482 2961 5551 βελτιόνων,
2992 5482 3051 5533 τὸ
3086 5483 3164 5544 δὲ,
3214 5481 3547 5549 ἐζημιώθην,
3588 5482 3707 5533 καθ’
3759 5482 3889 5532 αὖτδ

2314 5577 2448 5645 πρὸς
2486 5575 2583 5644 τὴν
2619 5576 2778 5641 φύσιν
2811 5573 2901 5626 τοῦ
2930 5574 3117 5640 νόμου.
3150 5575 3219 5626 “ll
3256 5576 3348 5627 καὶ
3379 5574 3538 5626 τοῦτο
3567 5574 3646 5625 δεῖ

3768 5025 3777 5037 ι
3801 5023 3824 5039 ν

3766 5040 3891 5091 εςησ

3688 5591 3885 5632 ειπειν,

2310 5667 2384 5729 ὡς
2415 5667 2473 5719 οὐ
2515 5667 2664 5735 μέλει
2696 5666 2772 5735 τῷ
2801 5665 3073 5735 θεσπεσίῳ
3105 5665 3301 5735 Παύλῳ
3338 5666 3466 5733 περὶ
3501 5665 3728 5732 ἐκλογῆς
3764 5664 3889 5716 Ἐλ-

2311 5758 2546 5827 ληνικῶν
2582 5758 2883 5828 ὀνομάτων.
2908 5758 3087 5811 Μόνον
3136 5758 3197 5809 τὸ
3251 5759 3610 5826 ὑποκείμενον
3642 5755 3887 5824 δηλῶσαι

2315 5852 2525 5903 σκοπεῖ.
2562 5850 2773 5919 Ὠσπερ
2797 5848 2905 5919 γὰρ
2938 5847 3173 5918 ἀλλαχοῦ
3207 5848 3301 5919 τὴν
3363 5849 3615 5916 ἐξουσίαν
3655 5847 3747 5901 τοῖν
3782 5845 3884 5899 θα·-
