4216 6450
336 361 464 424 1201

1296 366 1685 427 CUMMICN'I'.
1735 366 1807 423 1N
1857 365 2093 425 El’lS'l‘.
2147 370 2239 423 AD
2304 369 2580 426 l'lll|.lP.

3448 371 3589 435 1302

331 476 492 524 νάτου
524 470 620 540 τήν
671 473 828 540 ἡμῶν
875 471 1114 539 δηλῶσαι
1167 473 1354 536 Οέλων,
1419 474 1574 526 οὐδὲν
1644 477 1772 545 περὶ
1813 476 1909 544 τήν

2022 475 2114 526 sed
2153 474 2328 527 solum
2368 477 2599 530 intendit
2645 475 2952 545 signiﬁcare
2992 477 3139 546 quod
3187 479 3595 546 proponitur”.

329 563 476 627 λέξιν
504 563 872 633 ἠκριϐώσατο,
907 563 1020 614 ἀλλ’
1051 563 1172 614 ἀντὶ
1202 562 1294 614 τοῦ
1323 565 1523 627 εἰπεῖν,
1548 564 1914 634 ἐτυράννησεν

333 654 363 724 ἢ
410 656 690 715 ἐϐιάσατο,
744 649 919 717 εἶπεν,
957 654 1334 716 ἐϐασίλευσεν,
1402 656 1628 724 ὀνόματι
1679 657 1916 725 εὐφήμῳ

331 748 430 816 τὴν
451 747 736 816 δύσφημον
765 748 933 815 αὐτῆς
961 747 1254 815 τυραννίδι
1287 747 1591 816 σημαίνων,
1649 747 1792 800 οὕτω
1823 749 1916 800 καὶ

328 857 445 900 νυν,
499 843 598 909 τὴν
636 841 908 910 ἀποϐολὴν
944 842 1048 892 τῶν
1109 841 1418 909 ὲπιζημίων
1446 840 1694 910 εὔφημον
1724 843 1912 907 οὖσαν,

328 931 470 995 λέξει
502 931 891 999 παρεδήλωσεν
932 934 1029 984 οῦκ
1058 933 1312 1002 εὐφήμῳ,
1352 932 1522 985 εἰπὼν
1574 932 1910 1000 ἐζημιώθην.

333 1041 352 1072 ι
389 1025 622 1092 Ζημίαν.
659 1045 675 1075 ι
704 1025 840 1076 ¹ιυειισί
865 1043 1006 1087 τινες
1041 1026 1150 1075 τῶν
1175 1026 1490 1094 αἱρετικῶν,
1535 1025 1667 1077 Ἰδοὺ
1697 1025 1724 1075 6
1752 1025 1914 1092 νόμος

328 1115 504 1182 ζημία
528 1117 644 1167 ἐστὶ
685 1118 777 1166 καὶ
821 1115 1088 1169 σκύϐαλα.
1129 1116 1251 1178 Πῶς
1283 1112 1377 1168 οὖν
1431 1133 1566 1184 φατε
1632 1115 1736 1167 ὑπὸ
1777 1115 1912 1166 Θεοῦ

327 1207 491 1257 αὑτὸν
517 1207 802 1272 δεδύσθαι;
849 1209 988 1260 Ἀλλ’
1038 1210 1159 1279 ὅρα,
1193 1209 1292 1262 οὐκ
1343 1206 1486 1275 εἷπε,
1515 1210 1697 1276 Ζημία
1731 1212 1911 1270 ἐστιν,

324 1297 463 1359 ἀλλ’,
502 1297 755 1367 ’Ἢγημαι
779 1300 940 1351 αὑτὸν
970 1298 1194 1368 ζημίαν.
1221 1301 1332 1351 Καὶ
1358 1302 1467 1368 γὰρ
1489 1303 1598 1362 τοῖς
1628 1298 1706 1367 τῷ
1730 1299 1914 1367 γράμο

328 1407 457 1456 ματι
514 1392 1002 1459 παρακαθημένοις
1067 1394 1160 1443 καὶ
1206 1392 1606 1458 ἀφισταμένοις
1650 1390 1910 1460 Χριστοῦ,

324 1480 529 1550 ζημίας
565 1482 777 1547 γίνεται
804 1483 1083 1552 πρόξενος,
1109 1484 1166 1535 οὗ
1196 1483 1347 1552 παρὰ
1375 1483 1470 1552 τὴν
1497 1483 1707 1535 οἰκείαν
1730 1482 1910 1549 φύσιν,

323 1571 461 1624 ἀλλὰ
485 1575 630 1640 παρὰ
645 1573 741 1642 τὴν
771 1577 1032 1643 ἀπειρίαν
1063 1577 1168 1628 τῶν
1197 1577 1383 1638 κακῶς
1413 1574 1560 1644 αὐτῷ
1585 1575 1907 1643 χρωμένων.

327 1665 436 1716 Καὶ
475 1667 583 1734 γᾶρ
611 1669 706 1718 καὶ
729 1669 933 1735 χρυσοῦ
968 1672 1062 1720 καὶ
1089 1669 1343 1737 μολίϐδου
1380 1669 1784 1737 προκειμένων.
1818 1666 1914 1718 καὶ

322 1758 568 1826 ἀνάγκης
592 1759 758 1828 οὔσης
787 1760 844 1812 ἒν
899 1761 1006 1812 τῶν
1033 1760 1125 1813 δύο
1165 1760 1373 1823 λαϐεῖν,
1402 1763 1447 1812 εί
1487 1757 1797 1824 ὲπιλέξεταί
1829 1775 1912 1820 τις

320 1850 412 1901 τὸν
473 1851 744 1918 μόλιϐδον,
793 1853 996 1920 ζημίαν
1032 1853 1324 1917 πέπονθεν,
1388 1854 1448 1904 οὐ
1507 1851 1600 1904 τοῦ
1660 1851 1909 1921 μολίϐδου

366 1941 1850 1978 .·-.μ;-ιο-···-··θ.·..-

322 1959 484 2007 φύσει
516 1961 719 2012 gmina,
749 1961 935 2013 ουσηἾ
973 1946 1106 1997 αλλὰ
1144 1964 1209 2016 τῃ
1247 1963 1342 1998 του
1378 1946 1645 2015 βελτιονο,
1679 1959 1910 1997 α..οσ.ε-

325 2037 508 2103 ρήσει.

2021 567 2494 632 Quemadmodum
2529 571 2672 624 enim
2723 570 2851 623 alibi
2908 579 3230 637 potestatem
3277 572 3470 625 mortis
3511 589 3605 627 n0-

2022 668 2148 711 strze
2228 660 2542 727 signiﬁcare
2599 664 2785 718 volens
2857 663 2992 717 nihil
3073 673 3331 719 accurate
3394 664 3608 722 locutus

2019 748 2127 817 95
2160 759 2244 803 est
2290 767 2301 802 :
2346 752 2442 804 sed
2485 766 2605 804 cum
2643 753 2936 810 dicendum
2982 755 3203 819 fuisset,
3231 755 3607 826 Tyrannidem

2018 844 2285 905 excreuit,
2335 853 2429 898 aut
2459 846 2568 896 vim
2610 846 2796 899 intuiit
2837 847 2912 900 ait
2947 867 2959 900 :
3001 846 3270 917 Regnavit
3293 848 3358 913 ¹⁹,
3401 849 3608 918 plausi-

2018 932 2113 986 bili
2158 934 2379 989 nomine
2430 937 2728 990 infaustam
2779 939 2928 992 illius
2982 939 3307 1008 signiﬁcans
3358 941 3610 1010 tyranni'

2019 1025 2167 1077 dem.
2196 1023 2269 1076 lta
2299 1032 2352 1078 et
2384 1041 2530 1079 nunc
2560 1027 2924 1095 abjectionent
2960 1030 3282 1084 nocivorum
3311 1045 3434 1099 qua:
3468 1029 3613 1085 favo-

2021 1117 2322 1178 rahilisest,
2340 1117 2581 1172 dit-tione
2604 1134 2709 1172 non
2736 1120 3024 1174 favorabili
3041 1121 3366 1193 designavit,
3383 1122 3606 1176 dicens:

2022 1208 2140 1262 Feri
2171 1211 2465 1278 jactur-ant.
2510 1230 2528 1262 ι
2561 1211 2846 1266 Damnum.
2881 1233 2896 1263 ι
2941 1213 3142 1270 Dicunt
3175 1214 3396 1284 quidam
3431 1216 3608 1270 lucre-

2019 1301 2114 1351 tic-i
2152 1319 2164 1352 :
2205 1301 2342 1354 Ecce.
2375 1302 2457 1355 lex
2492 1303 2754 1356 damnum
2787 1315 2871 1359 est
2905 1315 2956 1358 et
2987 1303 3381 1371 rejeetatnenta
3418 1323 3430 1359 :
3467 1320 3609 1374 quo-

2020 1393 2184 1446 modo
2223 1408 2356 1460 ergo
2401 1394 2587 1449 dicitis
2633 1396 2807 1464 ipsam
2843 1412 2871 1448 a
2910 1395 3018 1450 Deo
3061 1396 3247 1452 datam
3289 1397 3454 1451 esse?
3500 1395 3608 1450 Sed

2016 1485 2395 1539 animadverte
2465 1489 2608 1555 quod
2671 1503 2780 1542 non
2847 1488 3071 1554 dixerit,
3153 1489 3424 1542 Damnum
3499 1499 3605 1552 est,

2017 1577 2136 1638 ευιι,
2183 1577 2499 1632 Arbitratus
2531 1593 2653 1634 sum
2691 1581 2951 1634 damnum
3019 1595 3166 1636 esse.
3239 1580 3453 1635 Etenim
3520 1582 3607 1636 his

2016 1669 2108 1734 qui
2178 1669 2372 1722 litteras
2441 1669 2722 1724 adluerent
2787 1678 2841 1725 et
2897 1686 2926 1725 a
2995 1672 3217 1727 Christo
3291 1670 3606 1736 discedunt,

2018 1754 2280 1808 damnum
2325 1759 2585 1813 conciliat
2623 1777 2634 1812 :
2676 1775 2786 1813 non
2842 1775 2909 1816 ex
2976 1763 3196 1831 propria
3242 1771 3458 1828 natura,
3511 1761 3608 1816 sed

2020 1860 2241 1918 propter
2302 1853 2522 1905 illorum
2585 1855 2862 1909 inscitiam
2917 1855 3009 1924 qui
3065 1855 3182 1925 ipsa
3247 1857 3388 1910 male
3445 1863 3607 1908 utun-

2021 1953 2128 1995 tur.
2178 1941 2466 2012 Siquidem
2517 1945 2683 1998 etiam
2731 1960 2867 1998 auro
2901 1954 2955 1999 et
2996 1947 3220 2014 plumbo
3259 1947 3604 2016 postpositis,

2019 2033 2110 2086 ubi
2162 2050 2389 2090 necesse
2437 2037 2511 2090 sit
2560 2051 2728 2090 unum
2781 2053 2810 2090 c
2855 2036 3076 2092 duobus
3117 2039 3346 2108 eligere,
3394 2037 3438 2090 si
3480 2037 3607 2105 quis

323 2129 449 2195 pluu
479 2131 606 2183 bum
641 2130 885 2196 elegerit,
917 2132 1178 2184 damnum
1223 2146 1420 2200 passus
1456 2138 1540 2186 est
1578 2147 1590 2182 :
1629 2144 1733 2181 non
1765 2124 1911 2194 quod
1953 2123 2212 2179 damnum
2247 2128 2318 2182 sit
2348 2145 2412 2182 ex
2445 2137 2640 2184 natura
2679 2131 2906 2200 plumbi,
2941 2132 3034 2187 sed
3103 2133 3174 2186 ob
3243 2131 3606 2201 privationem

324 2222 448 2286 ejus
491 2221 638 2289 quod
681 2223 878 2276 melius
921 2231 1020 2276 cst.

394 2314 585 2367 Τοίνυν
614 2323 708 2367 καὶ
752 2317 778 2368 ὁ
799 2317 986 2386 νόμος,
1025 2318 1072 2369 εἰ
1119 2317 1218 2386 μέν
1248 2333 1333 2378 τις
1359 2316 1506 2384 αὐτῷ
1538 2316 1805 2385 χρήσαιτο
1837 2313 1912 2374 ὡς

319 2407 418 2460 δεῖ.
453 2407 646 2475 κέρδος
688 2409 824 2460 ὲστί.
880 2410 1104 2479 Χριστῷ
1144 2410 1254 2479 γὰρ
1288 2409 1676 2479 παραπέμπει.
1716 2409 1775 2458 Ὀ
1802 2407 1910 2475 γὰρ

322 2499 622 2567 νομοθέτης
663 2499 865 2568 Μωσῆς
901 2501 1030 2570 περὶ
1063 2500 1155 2553 τοῦ
1187 2501 1424 2569 Χριστοῦ
1469 2500 1636 2552 εἰπὼν
1662 2501 1744 2552 ὅτι
1773 2516 1907 2568 προ-

322 2588 500 2656 acting,
535 2590 664 2659 ὑμῖν
701 2592 999 2663 ἀναστήσει
1054 2593 1129 2656 ὼς
1188 2594 1308 2663 ἐμὲ,
1347 2593 1420 2655 ὡς
1481 2594 1579 2662 ἐμὲ
1616 2594 1691 2655 δὲ,
1732 2594 1819 2646 διά
1849 2610 1906 2644 τε

321 2677 420 2744 τὴν
470 2680 648 2746 ad?“
706 2684 801 2734 καὶ
833 2683 932 2751 τὴν
997 2687 1298 2752 μεσιτείαν.
1359 2681 1511 2736 εἶπεν
1563 2683 1728 2736 αὐτοῦ
1791 2685 1902 2736 δεῖν

323 2769 563 2821 ἀκούειν.
605 2772 662 2823 ΕΞ
701 2772 758 2824 δὲ
792 2773 871 2841 τῷ
921 2776 1214 2844 γράμματι
1266 2775 1660 2844 παρακαθίσει,
1697 2776 1898 2845 ζημίας

319 2861 436 2912 ἐστὶ
468 2863 759 2932 πρόφασις.
805 2865 994 2918 Ταῦτα
1027 2868 1117 2919 καὶ
1146 2870 1272 2936 περὶ
1301 2867 1418 2928 τοῦ,
1473 2868 1740 2935 Ἢγοῦμαι
1775 2867 1904 2919 σκύ-

322 2952 460 3005 ϐαλα
494 2951 653 3018 εἶναι,
697 2958 837 3008 νοεῖν
875 2958 1038 3026 ἔχεις.
1071 2959 1178 3012 Καὶ
1208 2959 1422 3028 πρῶτον
1467 2960 1564 3027 μὲν
1607 2962 1780 3012 εἰπεῖν
1805 2959 1903 3023 ἔνι,

319 3046 402 3096 ὅτι
433 3045 493 3096 οὗ
524 3046 652 3116 περὶ
683 3047 777 3098 τοῦ
816 3049 982 3118 νόμου
1013 3051 1094 3113 τὸ,
1131 3051 1410 3112 Σκύϐαλα,
1430 3048 1606 3116 εἶπεν,
1650 3052 1786 3105 ἀλλὰ
1809 3053 1904 3104 καὶ

2093 2309 2281 2376 Itaque
2319 2317 2371 2360 et
2415 2309 2521 2370 lex,
2559 2311 2604 2363 si
2635 2310 2760 2378 quis
2796 2324 2860 2366 ea
2898 2318 3085 2364 utatur
3125 2317 3182 2362 ιιι
3231 2317 3468 2377 oportet,
3518 2309 3605 2364 lu-

2015 2414 2169 2452 crum
2205 2407 2289 2452 est
2331 2417 2343 2452 :
2381 2414 2505 2452 nam
2545 2399 2610 2453 ad
2647 2400 2928 2453 Christum
2963 2399 3310 2453 transmittit.
3353 2399 3600 2469 Legisla-

2017 2503 2100 2544 tor
2123 2493 2268 2544 enim
2316 2491 2494 2547 Moses
2543 2492 2610 2546 de
2647 2492 2868 2546 Christo
2908 2493 3094 2547 dicens
3143 2511 3155 2546 :
3215 2511 3233 2542 ι
3270 2491 3602 2561 Pr0phetam

2013 2586 2304 2639 suseitabit
2341 2585 2496 2639 vobis
2549 2585 2692 2639 Deus
2745 2595 3007 2654 tanquam
3049 2600 3132 2639 me
3171 2585 3216 2616 ²⁰
3256 2603 3274 2636 ι
3309 2584 3595 2654 (tanquam

2014 2695 2099 2731 me
2153 2689 2376 2747 propter
2425 2694 2645 2732 carnem
2696 2687 2748 2732 ct
2798 2678 3118 2732 mediatoris
3175 2677 3461 2745 oﬂieium),
3526 2677 3603 2733 ait

2006 2777 2260 2833 oportere
2298 2771 2474 2838 ipsum
2520 2770 2714 2824 audire
2761 2787 2773 2823 :
2811 2767 2867 2822 Si
2903 2784 3031 2823 vero
3065 2769 3261 2822 litterae
3310 2769 3598 2832 inhmrcat,

2007 2861 2192 2914 damni
2218 2863 2438 2916 occasio
2455 2871 2559 2916 cst.
2585 2860 2711 2916 Haec
2737 2876 2956 2930 quoque
2975 2861 3042 2915 de
3065 2875 3130 2915 eo
3157 2860 3301 2928 quod
3323 2859 3598 2929 sequitur,

2012 2952 2194 3007 llabeo
2250 2967 2348 3019 pro
2396 2954 2840 3021 rejeetamentis,
2890 2953 3198 3022 intelligere
3253 2951 3488 3022 poteris.
3535 2952 3603 3006 Et

2009 3046 2246 3112 primum
2277 3045 2498 3113 quidem
2540 3046 2648 3099 diei
2681 3053 2856 3113 potest
2877 3045 3024 3114 quod
3061 3059 3168 3099 non
3199 3043 3268 3099 de
3305 3043 3422 3113 lege
3447 3044 3604 3098 dixe-

320 3138 449 3205 περὶ
480 3138 586 3188 τῶν
612 3140 896 3207 κοσμικῶν
925 3145 1290 3209 πραγμάτιον.
1340 3144 1397 3194 Ei
1430 3144 1486 3194 δὲ
1519 3146 1612 3197 καὶ
1647 3147 1778 3213 περὶ
1807 3145 1903 3197 τοῦ

2014 3135 2084 3187 rit
2117 3154 2128 3188 :
2168 3137 2598 3203 ltejeetamenta,
2637 3137 2730 3191 sed
2769 3136 2837 3191 de
2876 3113 3042 3191 rebus
3084 3135 3376 3190 mundanis
3408 3153 3421 3187 :
3453 3135 3599 3203 quod

319 3229 508 3295 νόμου,
561 3229 703 3281 κατὰ
749 3232 849 3298 τήν
899 3233 996 3300 τῆς
1051 3231 1255 3300 ζημίας
1288 3233 1530 3288 διάνοιαν
1562 3236 1777 3303 νοήσεις
1814 3237 1908 3288 καὶ

319 3320 480 3372 τοῦτο
519 3322 702 3374 καλόν.
743 3324 998 3377 Σκύϐαλα
1041 3324 1149 3392 γὰρ
1196 3325 1416 3393 εἴρηται
1470 3328 1501 3394 ἡ
1545 3327 1772 3397 καλάμη
1812 3329 1906 3380 τοῦ

322 3414 491 3464 σίτου.
531 3414 670 3466 Ἀλλ’
701 3415 829 3484 ἄχρι
858 3418 956 3484 μὲν
992 3417 1065 3487 μή
1095 3433 1181 3468 πω
1211 3420 1352 3487 φανῇ
1381 3419 1406 3470 ὁ
1429 3420 1598 3483 σῖτος,
1630 3420 1907 3485 ἀναγκαῖα

320 3505 352 3572 ἡ
389 3505 608 3572 καλάμη
633 3506 708 3569 ὡς
736 3510 1108 3578 συντηρητικὴ
1138 3506 1296 3573 οὖσα,
1334 3510 1425 3561 τοῦ
1447 3513 1708 3580 ἐσομένου
1731 3513 1902 3576 σίτου,

320 3595 581 3660 φανέντος
613 3597 689 3660 δὲ,
723 3596 996 3667 ἄχρηστος
1032 3599 1342 3666 ἀνθρώποις
1391 3603 1422 3670 ἡ
1459 3603 1700 3671 καλάμη.
1751 3603 1906 3656 Οὕτω

320 3688 415 3737 καὶ
451 3689 476 3738 6
510 3687 694 3757 νόμος.
720 3692 882 3758 Ἄχρι
912 3690 1009 3759 μὲν
1037 3691 1112 3760 μὴ
1143 3692 1559 3762 ὲνηνθρωπήκει
1585 3697 1612 3746 6
1643 3695 1899 3763 Χριστὸς,

320 3777 586 3844 χρειώδης
619 3774 683 3847 ἦν
714 3795 727 3808 ·
767 3780 914 3849 αὐτῷ
969 3780 1077 3850 γὰρ
1111 3784 1466 3853 παρέπεμπε.
1520 3785 1782 3848 Φανέντος
1821 3787 1900 3849 δὲ,

321 3870 574 3937 περιττὸς
610 3871 734 3923 ὅσον
787 3873 923 3941 πρὸς
955 3873 1014 3924 τὸ
1050 3875 1379 3942 σωματικῶς
1433 3876 1804 3943 φυλάττεσθαι
1837 3878 1903 3932 τὰ

320 3964 377 4011 ἐν
415 3962 581 4030 αὐτῷ.
617 3957 724 4015 Ἦν
763 3964 817 4017 δὲ
854 3967 948 4016 καὶ
978 3965 1122 4034 ἄλλῳ
1150 3967 1338 4037 τρόπῳ
1378 3967 1646 4036 χρειώδης
1673 3969 1701 4020 6
1741 3970 1902 4038 νόμος

320 4048 426 4116 πρδ
462 4051 721 4117 Χριστοῦ.
779 4053 1221 4125 Φιλοσοφώτεμος
1263 4057 1361 4126 μὲν
1395 4057 1503 4128 γὰρ
1528 4053 1596 4128 ἦν
1629 4058 1737 4111 τῶν
1782 4059 1903 4111 Ἐλ-

321 4139 555 4207 ληνίκῶν
609 4141 918 4210 δογμάτων.
958 4146 1267 4216 παχύτερος
1306 4148 1360 4199 δὲ
1424 4149 1525 4218 τῆς
1586 4152 1644 4202 ὲν
1681 4151 1900 4221 Χριστῷ

321 4233 659 4300 ξελοπφίας-
699 4236 878 4299 Μέτος
905 4238 998 4290 οὖν
1053 4241 1149 4309 τῆς
1191 4241 1638 4312 εἰδωλολατρείας
1673 4245 1764 4295 καὶ
1801 4244 1899 4312 τῆς

319 4327 559 4393 Χριστοῦ
581 4329 817 4392 πίστεως
841 4331 1492 4402 παρεντεοεὶςὼιρέλησε,
1528 4337 1668 4388 κατὰ
1704 4337 1900 4406 μικρὸν

321 4418 685 4486 ὑπεξαγαγιῖιν
746 4421 846 4490 τῆς
883 4423 1353 4494 εἰδωλολατρείας,
1410 4428 1505 4479 καὶ
1545 4428 1638 4479 τοῦ
1692 4429 1903 4481 ἐκεῖθεν
1936 4451 1980 4508 ι)

322 4509 549 4578 πάχους,
583 4511 677 4562 καὶ
706 4513 1177 4584 ἐπιτηδειοτέρους
1205 4515 1394 4580 ποιῶν,
1427 4518 1648 4588 Χριστῷ
1680 4521 1902 4588 φανέντι

321 4601 632 4656 πιστεῦσαι.
683 4605 837 4657 Ἐπεὶ
895 4605 988 4660 οῦν
1036 4608 1095 4660 τὸ
1153 4611 1353 4662 οἰκεῖον
1417 4611 1751 4681 πεπλήρωκε
1810 4616 1904 4668 καὶ

321 4693 540 4762 Χριστῷ
575 4698 929 4765 παρέπεμψε,
969 4699 1221 4768 περιττὸς
1260 4701 1449 4754 λοιπὸν
1489 4704 1568 4764 εἰς
1603 4702 1662 4754 τὸ
1709 4721 1900 4772 σωμα-

321 4788 487 4848 τικῶς
558 4789 948 4856 φυλάττεσθαι,
1011 4791 1202 4862 ὥσπερ
1246 4795 1338 4846 καὶ
1391 4796 1545 4848 παιδὶ
1583 4798 1663 4859 είς
1695 4797 1900 4869 ἄνδρας

319 4879 600 4933 τελέσαντι
641 4883 672 4950 ἡ
709 4882 932 4953 παιδικὴ
962 4883 1130 4957 ἐσθὴς
1158 4887 1251 4938 καὶ
1287 4887 1500 4957 ἀγωγή.
1534 4921 1600 4931 -—
1630 4891 1900 4960 [ΟΙΚΟΥ-

322 4971 641 5043 ΜΕΝΙ()Υ,”Ι
666 4973 810 5042 Δύνῃ
863 4974 920 5026 δὲ
946 4975 1044 5027 καὶ
1113 4977 1234 5029 κατ’
1275 4977 1403 5030 ἄλλο
1442 4980 1684 5032 σκύϐαλα
1717 4985 1912 5053 νοῆσαι

319 5062 412 5112 τὸν
436 5063 622 5133 νόμον.
661 5065 734 5116 Τὸ
764 5066 872 5134 γὰρ
940 5067 1238 5131 σκύϐαλον,
1294 5070 1575 5141 κτηνώδης
1635 5072 1751 5125 ἐστὶ
1782 5093 1908 5146 τρο-

322 5155 418 5222 φή.
476 5157 584 5208 Καὶ
619 5159 647 5208 6
679 5156 842 5225 νόμος
903 5158 1086 5212 τοίνυν
1142 5161 1280 5230 μετὰ
1308 5162 1408 5231 τὴν
1453 5164 1654 5228 πίστιν,
1699 5165 1910 5235 ἀλογω-

316 5242 499 5312 τέροις
529 5244 840 5315 ἀνθρώποις
897 5247 1046 5301 ἐστὶν
1079 5249 1137 5302 ἐν
1193 5253 1579 5323 παραφυλακῇ.
1637 5257 1794 5308 Διατί
1849 5257 1904 5310 δὲ

319 5335 456 5397 ὅλως
485 5336 692 5407 ἥγησαι
729 5339 892 5392 αὑτὸν
919 5340 1124 5410 ζημίαν
1158 5342 1251 5394 καὶ
1288 5343 1554 5406 σκύϐαλα,
1596 5339 1640 5397 ὦ
1688 5347 1902 5416 ιιαῦλες

322 5429 405 5479 ὅτι
426 5429 517 5480 ἐπὶ
543 5429 712 5483 πολὺν
735 5432 926 5500 χρόνον
958 5433 1234 5504 ἐζημίωσέ
1256 5453 1321 5504 με
1346 5437 1604 5507 Χριστοῦ,
1621 5438 1698 5508 τῷ
1721 5441 1902 5510 γραμ-

327 5535 460 5586 ματι
490 5522 972 5592 παρακαθήμενον,
1013 5528 1109 5594 οὐχ
1149 5527 1228 5578 ὅτι
1260 5526 1354 5579 νῦν
1389 5527 1680 5598 ἐζημιοῦτο
1711 5529 1769 5593 ἐξ
1799 5531 1898 5583 αῦ-

328 5612 437 5665 ιοῦ.
471 5614 623 5684 ᾝδει
653 5616 763 5686 γὰρ
797 5617 945 5688 αὐτῷ
972 5619 1358 5689 πνευματικῶς
1394 5621 1723 5690 χρήσασθαι,
1766 5621 1900 5675 ἀλλὰ

397 5793 437 5819 ⁸³
466 5792 480 5846 l
511 5793 636 5848 Col.
679 5810 714 5858 ι,
753 5796 842 5857 22,
877 5796 962 5849 2'3.
1043 5800 1081 5826 "'
1113 5799 1269 5858 ii-uu.
1308 5815 1355 5862 ν,
1406 5801 1487 5852 Η.

2013 3227 2058 3278 si
2091 3229 2252 3280 etiam
2285 3228 2352 3280 de
2380 3228 2514 3294 lege,
2541 3228 2695 3295 juxta
2729 3243 2952 3282 sensum
2979 3228 3073 3295 qui
3107 3227 3174 3281 dc
3205 3230 3409 3280 damno
3435 3225 3599 3280 datus

2009 3326 2114 3381 est,
2155 3319 2427 3388 intelliges
2459 3337 2471 3372 :
2505 3327 2558 3373 et
2591 3320 2692 3372 hoc
2733 3320 3022 3388 pulchrutn
3057 3327 3160 3371 est.
3192 3317 3328 3371 Nam
3361 3317 3598 3386 rejecta-

2011 3419 2192 3463 menta
2224 3413 2368 3463 dicta
2401 3419 2529 3464 sunt
2576 3410 2742 3464 tritici
2772 3412 2988 3463 culmus
3021 3409 3151 3464 :scd
3193 3409 3322 3464 dum
3355 3408 3596 3462 nondum

2011 3513 2236 3572 apparet
2276 3503 2542 3560 triticum.
2575 3503 2922 3557 necessarius
2947 3510 3029 3556 est
3057 3502 3294 3562 culmus,
3334 3511 3597 3570 tanquam

2011 3594 2179 3647 futuri
2221 3594 2387 3648 tritici
2443 3593 2861 3647 conservativus
2914 3612 2927 3645 τ
2963 3592 3054 3646 ubi
3091 3606 3219 3646 vero
3254 3593 3594 3661 appatuerit,

2011 3685 2221 3738 inutilis
2263 3694 2345 3739 est
2393 3685 2609 3738 culmus
2659 3683 2998 3739 hominibus.
3033 3684 3107 3736 lta
3159 3693 3210 3738 et
3264 3684 3349 3738 lex
3379 3702 3390 3738 :
3423 3685 3597 3739 donec

2011 3777 2395 3831 int-amaretur
2438 3775 2696 3830 Christus
2747 3785 2866 3830 erat
2912 3775 3082 3838 utilis,
3119 3790 3242 3828 nam
3287 3773 3353 3826 ad
3413 3776 3592 3845 ipsum

2009 3867 2423 3922 transmittebat
2475 3885 2488 3920 :
2541 3883 2664 3922 cum
2723 3876 2906 3921 autem
2965 3866 3078 3934 jam
3134 3866 3425 3935 apparuit,
3501 3881 3596 3921 su-

2009 3961 2212 4032 perﬂua
2261 3970 2346 4014 est
2377 3967 2642 4027 quantum
2685 3960 2750 4012 ad
2787 3960 2889 4012 hoc
2913 3958 3058 4028 quod
3108 3966 3193 4013 est
3233 3959 3596 4027 corporaliter

2008 4053 2290 4108 observari
2322 4069 2444 4122 qua:
2475 4057 2528 4106 in
2561 4069 2624 4105 ea
2658 4061 2807 4106 sunt.
2841 4053 2969 4104 Erat
2997 4059 3177 4105 autem
3207 4059 3261 4104 et
3295 4051 3403 4105 alio
3431 4051 3595 4104 modo

2013 4145 2163 4198 utilis
2195 4145 2275 4199 lex
2307 4152 2434 4198 ante
2469 4143 2768 4197 Christum.
2816 4143 3028 4197 Etenim
3084 4143 3205 4212 plus
3240 4143 3458 4211 quidem
3508 4156 3596 4196 sa-

2007 4236 2225 4305 pientize
2261 4236 2499 4290 habebat
2553 4251 2716 4306 quam
2761 4235 3079 4288 Graecorum
3125 4234 3400 4304 dogmata,
3439 4250 3594 4288 eras-

2008 4332 2121 4385 sior
2154 4339 2335 4383 autem
2361 4337 2478 4383 erat
2509 4343 2673 4398 quam
2710 4326 3074 4397 philosophia,
3114 4341 3236 4394 qua!
3273 4326 3327 4378 in
3371 4326 3594 4380 Christo

2009 4432 2114 4477 est.
2162 4421 2336 4475 Media
2391 4421 2575 4490 itaque
2611 4421 2755 4473 inter
2800 4418 3168 4474 idololatriam
3216 4425 3270 4470 et
3330 4417 3486 4470 Iidem
3535 4418 3590 4471 in

2007 4515 2290 4568 Christum
2325 4513 2652 4582 interposita
2673 4511 2927 4579 juvabat,
2953 4510 3158 4565 sensim
3187 4509 3256 4564 ab
3283 4510 3590 4564 idololatria

2006 4605 2356 4667 subducens,
2423 4611 2476 4657 et
2527 4617 2555 4654 a
2616 4601 2867 4655 crassitie
2935 4616 3058 4670 qua:
3118 4600 3246 4656 inde
3302 4610 3420 4656 erat
3466 4619 3481 4656 :
3535 4610 3591 4655 et

2004 4699 2246 4767 aptiores
2291 4696 2526 4750 reddens
2573 4704 2632 4748 ut
2671 4695 2958 4765 apparenti
3002 4695 3224 4749 Christo
3277 4694 3588 4749 crederent.

2003 4791 2114 4860 96
2143 4789 2412 4854 Quoniam
2455 4803 2584 4858 ergo
2618 4788 2763 4857 quod
2810 4803 2970 4841 suum
3019 4795 3138 4842 erat
3183 4787 3503 4857 complevit,
3535 4794 3590 4840 ct

2005 4884 2070 4936 ad
2104 4882 2386 4936 Christum
2421 4881 2749 4944 transmisit,
2777 4881 3036 4949 deinceps
3061 4879 3276 4934 inutilis
3311 4887 3365 4934 et
3399 4895 3590 4949 super-

2007 4975 2109 5028 lina
2136 4983 2220 5030 est
2244 4975 2309 5028 ad
2337 4977 2436 5028 hoc
2471 4982 2529 5026 nt
2559 4972 2921 5041 corporaliter
2941 4972 3266 5026 observetur
3288 4988 3300 5020 :
3325 4971 3590 5040 quemad-

2009 5071 2232 5122 modum
2269 5079 2320 5122 et
2367 5082 2554 5136 puero,
2599 5066 2689 5119 ubi
2725 5065 2792 5118 ad
2843 5065 3054 5119 virilem
3103 5064 3413 5133 pervenerit
3460 5071 3589 5115 aeta-

2011 5171 2140 5226 tem,
2196 5163 2400 5230 puerile
2437 5159 2823 5214 vestimentum
2858 5166 2951 5210 aut
2998 5155 3270 5212 educatio.
3311 5186 3378 5196 —
3426 5153 3589 5208 Potes

2009 5265 2190 5310 autem
2223 5264 2276 5309 et
2320 5255 2475 5323 juxta
2517 5252 2663 5306 aliud
2696 5251 3020 5320 intelligere,
3067 5249 3239 5318 legem
3282 5262 3406 5301 esse
3444 5246 3586 5315 reje-

2007 5356 2301 5401 ctantenta.
2337 5345 2471 5399 Nam
2498 5345 2950 5411 rejectamentum
2987 5348 3082 5394 aut
3129 5341 3284 5410 palea
3308 5339 3465 5393 cibus
3503 5345 3590 5391 est

2005 5439 2398 5509 jumentorum.
2438 5437 2503 5490 Et
2543 5437 2625 5489 lex
2661 5437 2843 5504 itaque
2875 5441 2996 5503 post
3027 5433 3186 5487 ﬁdem
3239 5427 3585 5484 irrationabi-

2011 5532 2152 5586 libns
2197 5529 2510 5584 hominibus
2547 5529 2598 5581 in
2648 5528 2999 5582 observantia
3038 5533 3140 5578 est.
3175 5524 3377 5578 Verum
3415 5534 3586 5589 quare

2011 5625 2235 5679 onmiuo
2254 5623 2456 5680 duxisti
2482 5636 2600 5679 eam
2624 5637 2745 5677 esse
2772 5621 3030 5677 damnum
3052 5624 3146 5672 aut
3176 5616 3585 5686 rejectamenta,

1571 5802 1610 5829 "‘
1641 5798 1791 5851 Dz‘ttl.
1828 5813 1977 5851 “tu.
2013 5798 2093 5856 lii,
