4216 6450
324 395 463 458 1305

319 603 553 672 ὓρώπων
579 600 926 668 ἀποθνήσκω.
965 597 1135 650 Τοῦτο
1168 597 1225 648 δέ
1272 597 1410 660 ἐστι,
1447 597 1541 649 καὶ
1590 595 1728 662 ὑπὲρ
1758 595 1893 662 Χρι-

321 690 446 744 στιῦ
486 690 797 744 ἀποθανεῖν.
864 708 882 741 ι
942 689 1006 740 Εἴ
1036 705 1152 749 πως
1192 690 1540 758 καταντήσω.
1603 705 1620 737 1
1668 686 1892 753 Εἴζπως,

322 781 506 846 φησίν.
527 780 692 849 Ὁρᾷς
716 779 877 830 αὑτὸν
910 778 1054 846 μετὰ
1078 777 1318 830 τοσαῦτα
1342 777 1420 830 ἔτι
1452 775 1892 845 ἀμφιϐάλλοντας

325 893 341 922 ι
387 873 475 934 Εἰς
505 871 599 940 τὴν
627 871 985 934 ἐξανάστασιν
1009 870 1116 920 τῶν
1141 869 1368 940 νεκρῶν.
1405 888 1421 919 1
1453 869 1563 938 Τὴν
1599 869 1895 921 ἀνάστασιν

320 967 539 1032 ἐκείνην
567 966 665 1033 τὴν
698 964 924 1026 ἔνδοξον,
957 963 1054 1032 τὴν
1094 963 1229 1030 πρὸς
1261 962 1422 1014 αὑτὸν
1452 961 1718 1028 ἄγουσαν,
1767 960 1895 1029 περὶ⁸

317 1054 383 1129 ἧς
413 1056 646 1125 ἀλλαχοῦ
679 1073 830 1125 φησι,
859 1055 998 1106 (Καὶ
1023 1057 1254 1107 πάντοτε
1275 1055 1370 1104 σῦν
1394 1055 1582 1120 Κυρίῳ
1601 1053 1852 1120 ἐσόμεθα.
1871 1072 1890 1103 1

327 1169 342 1198 ι
383 1149 493 1216 Οὐχ
527 1149 607 1198 ὅτι
641 1146 742 1215 ᾕὸη
773 1145 986 1196 ἔλαϐον.
1035 1163 1051 1194 1
1102 1143 1324 1212 Ἐπειδὴ
1349 1139 1491 1203 εἷπε,
1535 1141 1897 1210 Συμμορφοῦ-

321 1255 481 1308 μενος
503 1237 579 1306 τῷ
603 1236 821 1304 Θανάτῳ
857 1235 950 1286 τοῦ
974 1233 1234 1303 Χριστοῦ,
1274 1234 1416 1302 μέγα
1455 1232 1510 1284 δὲ
1540 1227 1606 1301 ἦν
1639 1235 1698 1284 τὸ
1722 1233 1894 1301 eine“.

318 1332 380 1383 οὐ
433 1331 592 1400 μόνον
627 1328 870 1398 ἠρκέσθη
907 1327 983 1396 τῷ
1006 1328 1201 1388 εἰπεῖν,
1227 1326 1293 1377 Εἴ
1314 1343 1429 1386 πως
1461 1325 1788 1393 καταντήσω
1819 1327 1896 1387 εἰς

319 1423 416 1490 τὴν
450 1422 837 1485 ἐξανάστασιν,
882 1419 1014 1470 ἀλλὰ
1048 1417 1141 1469 καὶ
1184 1418 1520 1485 σαφέστερον
1555 1417 1687 1484 ἡμῖν
1737 1415 1896 1466 ἐνδει-

321 1515 608 1582 κνύμενος,
651 1513 731 1564 ὅτι
759 1513 850 1564 καὶ
879 1508 1375 1579 συμμορφούμενος
1417 1508 1494 1575 τῷ
1539 1506 1756 1575 Θανάτῳ
1803 1503 1897 1557 τοῦ

319 1607 576 1677 Χριστοῦ,
612 1605 764 1659 οῦπω
790 1624 840 1656 τι
872 1605 1019 1670 ἄξιον
1060 1606 1204 1654 ποιεῖ
1237 1601 1331 1653 τοῦ
1371 1599 1603 1671 σταυροῦ
1637 1598 1729 1651 τοῦ
1764 1601 1898 1668 Χρι-

321 1696 470 1756 στοῦ.
501 1697 724 1761 ὲπάγει·
751 1697 864 1765 Οὐχ
898 1697 976 1748 ὅτι
1003 1695 1102 1763 ἤδη
1124 1694 1336 1756 ἔλαϐον,
1367 1693 1520 1760 φησι,
1556 1692 1616 1742 τδ
1651 1690 1900 1758 βραϐεῖον

319 1789 406 1840 διὰ
447 1786 539 1838 τοῦ
574 1786 1048 1854 συμμορφωοῆναι
1098 1785 1174 1853 τῷ
1240 1782 1458 1850 θανάτῳ
1509 1779 1603 1832 τοῦ
1635 1779 1895 1849 Χριστοῦ,

321 1882 483 1950 ἢῇδη
545 1881 606 1932 ἐκ
656 1878 850 1930 τούτου
880 1877 1087 1938 τέλειός
1143 1879 1280 1944 εἰμι.
1325 1894 1340 1924 ι
1387 1873 1579 1926 Διώκω
1618 1871 1673 1924 δὲ
1713 1874 1758 1923 εἰ
1802 1871 1895 1922 καὶ

322 1971 632 2024 καταλάϐω.
678 1990 694 2022 1
730 1969 920 2022 Διώκω
975 1969 1051 2032 δὲ,
1092 1969 1242 2036 φησι,
1286 1967 1347 2018 τδ
1406 1965 1676 2035 βραϐεῖον,
1709 1965 1755 2015 εἰ
1789 1962 1896 2030 ἄρα

324 2064 616 2115 καταλάϐω
643 2063 794 2115 αὐτό.
829 2063 972 2131 ’Ὅρα
995 2062 1050 2113 δὲ
1079 2061 1254 2128 πόσην
1280 2059 1520 2128 ἔμφασιν
1551 2057 1663 2126 ἔχει
1692 2060 1716 2108 ὀ
1742 2056 1897 2122 λόγος

322 2153 413 2205 τοῦ
446 2154 653 2214 διώκω,
686 2155 801 2217 καὶ,
848 2155 894 2204 εξ
952 2151 1264 2204 καταλάϐω.
1311 2151 1369 2202 Ὀ
1395 2150 1502 2218 γὰρ
1561 2149 1771 2200 διώκων
1806 2148 1897 2198 καὶ

321 2246 636 2312 ἀμφιϐόλως
670 2245 809 2314 ἔχων
845 2247 892 2296 εἰ
921 2243 1028 2313 ἀρὰ
1062 2243 1369 2313 καταλάϐῃ,
1396 2241 1545 2293 οὐδὲν
1588 2240 1714 2293 ἄλλο
1767 2240 1889 2308 ὁρᾷ.

320 2337 472 2388 οὐδὲν
503 2337 631 2389 ἄλλο
673 2335 971 2402 λογίζεται,
1011 2335 1348 2404 ἧὲπιτῦχείν
1403 2334 1496 2385 τοῦ
1536 2335 1892 2401 διωκομένου.

330 2450 346 2479 ι
371 2431 482 2497 Ἐφ’
577 2430 663 2481 καῖ
690 2429 1037 2498 mmmam
1064 2428 1166 2479 ὑπὸ
1188 2426 1421 2493 Χριστοῦ
1458 2425 1654 2494 Ἰησοῦ.
1685 2445 1702 2476 1
1733 2428 1899 2478 Τουτ-

321 2523 487 2584 έστιν,
523 2525 577 2573 εν
613 2515 656 2589 ᾧ
691 2523 977 2590 πράγματι
1001 2520 1457 2588 ὑποκατελήιίιθην
1497 2519 1601 2570 ὑπὸ
1638 2517 1897 2586 Χριστοῦ.

327 2615 463 2682 Ἤδη
491 2614 597 2682 γάρ
624 2632 711 2681 με,
751 2614 903 2682 φησι,
927 2612 1196 2681 φεύγοντα
1227 2609 1514 2671 κατέλαϐε,
1550 2609 1643 2663 καὶ
1678 2609 1901 2661 πιστεῦ-

325 2725 414 2759 σαι
452 2708 768 2775 πεποὲηκεν.
821 2705 938 2774 Ἐφ’
981 2699 1060 2764 οἷς
1109 2702 1200 2757 οῦν
1250 2704 1618 2772 κατελήφθην,
1647 2699 1756 2754 οἷον
1808 2704 1900 2754 ἐπὶ

323 2801 401 2868 τῷ
440 2800 698 2868 κηρῦξαι,
746 2800 840 2850 ἐπὶ
871 2798 949 2866 τῷ
984 2797 1254 2865 βαστάσαι
1307 2795 1367 2847 τὸ
1401 2795 1576 2863 ὄνομα
1608 2794 1772 2846 αὐτοῦ
1804 2794 1901 2863 ἒμ-

324 2889 559 2960 προσθεν
602 2889 771 2940 ἐθνῶν
805 2889 898 2939 καὶ
927 2888 1216 2956 βασιλέων,
1247 2890 1293 2939 εἰ
1337 2885 1631 2939 καταλάϐω
1657 2882 1900 2942 τοιοῦτος

324 2981 576 3048 γενέσθαι
617 2975 726 3039 οἷος
759 2977 1082 3046 ὲπελέχοην.
1116 2979 1183 3028 ’Ἡ
1213 2976 1292 3038 τὸ,
1335 2977 1425 3043 ἐρ’
1456 2970 1523 3042 ᾧ,
1556 2975 1743 3042 ἐπειδὴ
1769 2973 1898 3033 νόει,

323 3077 411 3125 ἵνα
441 3072 613 3132 οῦτως
717 3088 728 3099 ’
759 3071 954 3121 Διώκω
987 3069 1041 3120 δὲ
1074 3071 1121 3121 εξ
1158 3069 1470 3131 καταλάϐω,
1516 3066 1704 3136 ἐπειδὴ
1746 3063 1900 3131 κάγὼ

1277 395 1490 454 COMM
1507 393 1670 454 ENT.
1711 391 1789 452 IN
1837 390 2085 452 EPIST.
2119 398 2214 456 AD
2247 400 2530 463 PIIIIJP.

320 510 554 580 ῦρώπων
587 507 876 570 ἀπέθανεν,
912 506 1083 570 οὕτως
1119 506 1275 574 κάγὼ
1317 507 1457 574 ὑπὲρ
1485 506 1755 572 ὡφελείας
1795 507 1890 557 ἀν·
1920 504 1970 561 Δ
2001 517 2249 564 mortuus
2295 521 2374 564 est

3429 412 3571 476 1306

2419 531 2431 567 ;
2493 512 2566 564 ita
2619 520 2669 565 et
2717 528 2816 582 ego
2870 529 2968 584 pro
3009 515 3293 570 hominum
3343 519 3578 574 utilitate

1999 601 2205 654 morior
2233 615 2252 655 :
2290 602 2391 656 hoc
2429 614 2610 659 autem
2643 615 2723 660 est
2752 621 2850 674 pro
2876 608 3095 662 Christo
3122 608 3284 662 mori.
3325 627 3343 662 ι
3384 608 3439 663 Si
3465 628 3574 680 quo

1999 693 2160 746 modo
2213 694 2536 764 pertingant.
2582 716 2599 746 1
2633 696 2686 750 Si
2731 713 2840 766 quo
2875 697 3058 759 modo,
3107 701 3202 754 ait.
3239 701 3400 755 Vides
3450 717 3573 755 eum

1998 795 2122 854 post
2155 795 2303 840 tanta
2339 787 2519 840 adhuc
2562 789 2874 858 ambigere?
2914 809 2932 842 ι
2985 793 3064 842 Ad
3117 795 3572 848 resurrectionem

2001 887 2362 931 mortuorum.
2402 899 2420 931 1
2449 879 2752 933 Gloriosam
2784 883 2929 934 illam
2965 885 3422 938 resurrectionem
3453 900 3575 954 qua:

2000 971 2064 1023 ad
2101 971 2276 1039 ipsum
2312 975 2480 1034 ducit,
2510 973 2575 1024 de.
2602 990 2706 1043 qua
2732 975 2858 1028 alibi
2891 977 2964 1027 ait.
2999 993 3013 1029 :
3050 996 3068 1028 ι
3102 977 3159 1031 Ει
3199 992 3413 1044 semper
3446 993 3570 1031 cum

1999 1063 2230 1117 Domino
2262 1065 2468 1118 erimus
2517 1068 2580 1119 “.
2628 1086 2646 1118 1
2683 1096 2754 1108 -
2807 1086 2824 1118 ι
2869 1066 2989 1120 Non
3030 1071 3176 1138 quod
3220 1071 3329 1137 jam
3382 1085 3578 1138 appre-

2002 1157 2306 1211 henderim.
2357 1177 2374 1208 1
2417 1158 2684 1224 Quoniam
2735 1162 2907 1225 dixit,
2964 1160 3098 1214 Dum
3156 1162 3456 1217 conformis
3507 1161 3575 1216 fio

1999 1250 2158 1303 morti
2215 1250 2335 1317 ejus
2385 1269 2397 1303 :
2449 1261 2564 1305 erat
2615 1261 2797 1306 autem
2853 1268 3108 1323 magnum
3149 1253 3373 1306 verbum
3417 1271 3430 1307 :
3467 1270 3573 1308 non

1999 1351 2290 1396 contentus
2325 1351 2406 1394 est
2433 1344 2610 1396 solum
2662 1343 2885 1406 dixisse,
2929 1343 2984 1398 Si
3027 1359 3137 1415 quo
3173 1345 3335 1398 modo
3367 1348 3576 1414 pertin-

1999 1447 2120 1501 gain
2149 1432 2215 1486 ad
2245 1437 2700 1488 resurrectionem
2727 1453 2741 1488 :
2772 1437 2863 1490 sed
2897 1438 3060 1491 etiam
3090 1437 3389 1492 ostendens
3420 1438 3576 1491 nobis

2003 1523 2352 1578 manifestius
2381 1527 2524 1592 quod
2559 1525 2605 1579 is
2650 1526 2742 1595 qui
2769 1530 2931 1580 etiam
2963 1527 3261 1582 conformis
3287 1535 3369 1581 est
3415 1526 3576 1580 morti

1999 1614 2225 1677 Christi,
2258 1616 2498 1668 nondum
2525 1617 2728 1684 aliquid
2753 1617 2976 1685 dignum
3003 1617 3138 1670 facit
3164 1631 3325 1670 cruce
3347 1617 3575 1682 Christi,

2003 1707 2282 1774 subjungit
2327 1725 2338 1760 :
2375 1706 2492 1762 Non
2543 1707 2687 1776 quod
2729 1708 2842 1776 jam
2875 1707 3328 1777 apprehenderint
3362 1722 3457 1760 seu
3491 1722 3579 1760 ac-

2004 1797 2262 1864 ceperim,
2307 1799 2507 1865 inquit,
2546 1799 2792 1852 bravium
2823 1815 2916 1867 per
2959 1799 3060 1854 hoc
3095 1798 3237 1867 Quod
3273 1797 3578 1853 conformis

2005 1889 2180 1942 factus
2200 1890 2300 1942 sim
2321 1892 2478 1944 morti
2494 1891 2842 1960 Christi,”
2858 1901 2947 1944 aut
2969 1891 3074 1960 jam
3095 1906 3158 1944 ex
3184 1891 3286 1945 hoc
3305 1890 3579 1959 perfectus

1999 1982 2121 2036 sim.
2172 2001 2189 2033 ι
2236 1981 2339 2037 Sed
2371 1993 2552 2036 sector
2595 1984 2639 2037 si
2691 1984 2853 2038 etiam
2899 1984 3324 2052 apprehendatur.
3375 2001 3394 2034 1
3449 1981 3582 2035 Pro-

1999 2090 2201 2142 scquor
2233 2085 2438 2138 autem,
2483 2077 2681 2144 inquit,
2719 2075 2965 2129 bravium
3012 2075 3056 2129 si
3102 2073 3240 2127 forte
3272 2075 3449 2143 ipsum
3481 2089 3580 2142 ap-

2000 2167 2356 2233 prehendam.
2387 2168 2520 2219 \‘ide
2555 2178 2734 2220 autem
2766 2175 3026 2234 quantam
3061 2166 3248 2220 habeat
3280 2165 3577 2233 emphasim

2001 2255 2145 2323 quod
2179 2256 2253 2308 ait
2293 2255 2495 2318 διώκω,
2549 2255 2601 2308 id
2629 2265 2731 2319 est,
2772 2264 2957 2309 sector
2989 2255 3102 2308 sive
3138 2270 3464 2324 prosequor,
3514 2262 3570 2308 et

2002 2347 2056 2400 Si
2082 2348 2506 2416 amirebendam.
2541 2347 2642 2412 Qui
2664 2347 2807 2400 enim
2828 2355 3093 2407 sectatur,
3127 2361 3247 2397 cum
3278 2355 3458 2398 tamen
3493 2346 3577 2397 in-

2001 2448 2180 2493 certus
2240 2441 2312 2494 sit
2370 2449 2682 2494 utrumnam
2736 2439 3236 2508 comprehensurus
3286 2439 3379 2502 sit,
3440 2438 3573 2490 nihil

2004 2531 2148 2583 aliud
2191 2531 2452 2596 intuetur,
2497 2531 2630 2584 nihil
2677 2530 2822 2584 aliud
2860 2531 3088 2599 cogitat,
3133 2530 3238 2584 nisi
3271 2531 3490 2597 assequi
3526 2530 3580 2584 id

2003 2623 2143 2690 quod
2179 2631 2436 2675 sectatur.
2474 2640 2491 2672 ι
2530 2621 2587 2675 111
2620 2623 2703 2674 his
2731 2621 2800 2675 ob
2830 2636 2948 2691 quae
2980 2629 3032 2674 et
3058 2622 3435 2689 apprehensus
3459 2635 3578 2672 sum

2003 2727 2031 2763 a
2087 2711 2306 2764 Christo
2350 2709 2496 2765 Jesu.
2547 2729 2564 2760 1
2622 2709 2735 2764 Hoc
2785 2720 2868 2764 est
2915 2709 2970 2764 in
3028 2724 3088 2763 ea
3137 2724 3340 2778 requa
3386 2723 3563 2776 appre-

2003 2804 2206 2858 hcnsus
2240 2819 2358 2856 smn
2396 2819 2424 2855 a
2471 2803 2693 2856 Christo
2742 2802 2901 2870 :jam
2949 2803 3092 2856 enim
3151 2801 3448 2870 fugientem
3497 2815 3582 2852 me

2003 2896 2443 2964 comprehendit,
2482 2904 2534 2949 ct
2591 2894 2722 2950 fecit
2778 2903 2836 2948 ut
2876 2894 3179 2948 crederem.
3221 2893 3279 2946 In
3323 2893 3407 2945 his
3451 2906 3583 2960 ergo

2005 2990 2074 3042 oh
2097 3003 2217 3056 quae
2246 2988 2621 3057 apprehensus
2652 3002 2798 3049 sum,
2833 3001 3028 3055 nempe
3058 2984 3124 3038 ad
3173 2983 3578 3053 prardicandum

2004 3087 2056 3133 et
2091 3079 2413 3148 gestandum
2458 3092 2654 3132 nomen
2689 3077 2811 3143 ejus
2850 3092 3032 3130 coram
3063 3076 3318 3144 gentibus
3342 3084 3394 3127 et
3437 3073 3582 3140 regi-

324 3165 662 3234 κατελῄιρῦη,
694 3162 917 3230 ὀφειλὴν
945 3162 1003 3212 τὸ
1023 3162 1254 3227 πρᾶγμα
1276 3159 1467 3225 λέγων.
1500 3177 1516 3207 ι
1560 3156 1699 3224 Ἐγὼ
1730 3159 1899 3225 ὲμαυ-
1925 3171 1969 3228 α

1925 3171 1969 3228 C
2005 3173 2126 3232 bus.
2170 3186 2270 3240 ego
2296 3185 2458 3224 curro
2485 3171 2528 3224 si
2572 3185 2680 3238 quo
2718 3169 2879 3222 modo
2913 3166 3320 3236 apprehendam
3359 3174 3419 3217 ut
3457 3164 3582 3217 talis

323 3261 436 3310 τόν.
489 3277 505 3307 1
542 3258 693 3322 “Atta.
733 3254 819 3306 διὰ
847 3251 940 3303 τοῦ
973 3251 1095 3302 καθ’
1137 3250 1327 3302 ἑαυτὸν
1365 3249 1760 3316 ὑποδείγματος
1797 3247 1898 3298 κά-

325 3349 536 3408 κείνους
562 3348 827 3398 διδάσκων
857 3344 1294 3412 μετριοφρονεῖν,
1332 3341 1424 3392 καὶ
1473 3341 1545 3406 μὴ
1575 3339 1901 3405 φνσιοῦσθειι

323 3441 398 3504 ὡς
427 3438 839 3504 κατειληφότας.
886 3452 902 3484 ι
938 3432 1102 3484 Οῦπω
1142 3433 1452 3499 λογίζομαι.
1493 3449 1510 3481 1
1542 3431 1628 3491 Ὠς
1660 3431 1748 3480 ἐπὶ
1783 3431 1902 3495 δρο-

327 3535 472 3602 μέως
496 3533 561 3583 τὰ
595 3531 767 3582 πάντα
794 3527 962 3593 λέγει.
996 3526 1061 3578 Τί
1093 3523 1147 3576 δὲ
1175 3525 1234 3575 οῦ
1262 3521 1455 3594 λογίζῃ
1483 3523 1898 3591 κατειληφέναις

321 3627 413 3678 τὸν
447 3624 667 3684 σκοπὸν,
703 3621 886 3688 φησιν,
919 3620 1001 3687 ἐφ’
1037 3610 1080 3685 ᾧ
1133 3616 1500 3684 ἀπέσταλμαι,
1534 3615 1594 3666 τὸ
1626 3614 1898 3682 βραϐεῖον,

324 3719 384 3768 τὸ
426 3710 559 3767 εἶναι
589 3713 733 3774 ἄξιος
768 3711 868 3779 τῆς
904 3710 1230 3774 ἀποστολῆς.
1261 3707 1393 3759 Εἰδὲ
1420 3707 1624 3768 Παῦλος
1650 3709 1677 3758 ὁ
1717 3706 1904 3758 τοσοῦ-

322 3823 415 3867 τος
449 3806 522 3874 μὴ
564 3803 878 3871 κατείληφε,
910 3801 1136 3869 τίήμεῖς
1163 3797 1426 3866 ὲροῦμεν;
1460 3798 1581 3860 Πῶς
1610 3797 1700 3849 οῦν
1737 3799 1901 3850 ἀλλα-

324 3897 419 3966 χοῦ
462 3914 612 3964 φησι,
657 3915 673 3946 ι
711 3895 812 3946 Τδν
837 3893 1022 3960 ἀγῶνα
1056 3890 1385 3961 ἠγώνισμαι,
1425 3893 1518 3944 καὶ
1570 3892 1659 3943 τὸν
1701 3892 1901 3962 δρόμον

322 3991 613 4053 csa-5.21:1;
649 4007 664 4038 1
707 3986 923 4056 Ἐπειδὴ
949 3987 1082 4054 πρὶς
1113 3987 1178 4056 τῇ
1219 3983 1474 4037 ἁναλύσει
1502 3980 1567 4053 ἦν
1587 3985 1729 4035 τότε.
1771 3985 1901 4036 ιἛν

322 4085 400 4136 δέ.
440 4103 456 4133 1
492 4083 587 4135 Ἓν
617 4080 672 4132 δὲ
729 4079 890 4139 ποιῶ,
927 4077 1078 4145 φησὶ,
1139 4078 1232 4129 καὶ
1273 4075 1389 4137 se;
1426 4077 1650 4143 γίνομαι
1715 4076 1897 4144 μόνον.

323 4177 418 4237 Τὸ,
461 4176 553 4226 Ἓν
583 4173 661 4234 δὲ,
694 4173 725 4241 ἢ
758 4173 877 4223 κατ’
924 4169 1164 4238 ἔλλειψιν
1194 4169 1453 4238 εἰρῆσθαι
1497 4168 1800 4236 νομιστέον,
1827 4169 1902 4231 ώς

323 4269 372 4318 οἱ
404 4266 507 4333 πρὸ
534 4263 687 4332 ἡμῶν
719 4262 1054 4328 ὲξειλήσασι.
1084 4259 1193 4311 Καὶ
1217 4261 1324 4328 γὰρ
1358 4260 1453 4310 καὶ
1478 4261 1534 4311 ὲν
1565 4258 1738 4327 τούτῳ
1767 4260 1900 4329 σχή-

329 4374 458 4425 ματι
491 4355 793 4416 πλεονάζει,
831 4355 917 4404 ἵνα
950 4352 1135 4423 λείπῃ,
1184 4351 1238 4404 ἓν
1274 4351 1328 4402 δὲ
1385 4351 1679 4420 φροντίζω,
1713 4349 1769 4401 ἓν
1799 4367 1896 4418 με·

324 4449 462 4499 λετῶ
519 4448 612 4499 καὶ
646 4445 1014 4513 διαμεριμνῶ.
1075 4445 1140 4496 Τί
1187 4443 1376 4506 τοῦτο;
1437 4443 1504 4494 τὰ
1541 4443 1639 4510 μὲν
1701 4443 1897 4505 ὀπίσωο

3547 3249 3573 3271 τ

2009 3264 2210 3318 eﬂiciar
2252 3264 2454 3332 qualis,
2503 3269 2563 3314 ut
2613 3263 2797 3315 fierem
2833 3261 3041 3314 electus
3085 3274 3227 3311 sum.
3260 3257 3368 3310 Aut
3420 3256 3503 3322 ἐφ’
3540 3256 3582 3322 ᾧ

2011 3352 2256 3420 intellige
2304 3365 2403 3420 pro
2448 3349 2902 3418 Quandoquidem
2931 3386 2946 3411 ,
2999 3355 3057 3398 ut
3094 3345 3183 3398 hic
3233 3345 3301 3397 sit
3335 3358 3531 3396 sensus
3569 3359 3583 3387 τ

2010 3443 2114 3498 Sed
2149 3453 2328 3496 sector
2368 3443 2412 3495 si
2461 3441 2886 3508 apprehenuam,
2919 3435 3355 3505 quandoquidem
3389 3448 3584 3504 appreo

2009 3534 2214 3587 hcttsus
2253 3548 2396 3593 sum,
2430 3531 2619 3584 dicens
2648 3545 2758 3583 rem
2795 3543 2914 3597 qute
2948 3529 3000 3579 in
3035 3526 3222 3579 debito
3252 3533 3357 3578 est.
3409 3542 3427 3574 ι
3471 3523 3585 3590 Ego

2009 3625 2301 3693 mcipsum.
2335 3641 2351 3674 1
2390 3620 2562 3675 Simul
2594 3636 2685 3690 per
2724 3619 3032 3686 exemplum
3083 3616 3227 3684 quod
3262 3616 3412 3668 circa
3472 3614 3586 3666 sci-

2010 3729 2166 3784 psum
2198 3724 2334 3771 erat.
2393 3711 2552 3764 docet
2598 3712 2763 3762 etiam
2815 3710 2939 3761 illos
2984 3707 3227 3759 modeste
3274 3705 3341 3758 de
3387 3705 3586 3772 seipsis

2010 3804 2235 3865 sentire,
2280 3809 2334 3855 et
2372 3817 2479 3854 non
2532 3801 2900 3852 intumescere
2936 3797 3089 3864 quasi
3123 3797 3235 3863 jam
3283 3795 3587 3862 apprehen-

2009 3895 2238 3948 dissent.
2269 3909 2286 3940 ι
2324 3889 2575 3942 Nondum
2607 3888 2869 3941 arbitror.
2909 3903 2926 3934 1
2963 3881 3247 3949 Tanquam
3271 3881 3336 3934 de
3359 3893 3586 3933 cursore

2009 3989 2188 4042 omnia
2227 3986 2486 4053 loquitur.
2521 3981 2661 4048 Quid
2700 3989 2784 4034 est
2811 3989 2990 4032 autem
3027 3979 3170 4046 quod
3208 3989 3315 4027 non
3341 3973 3584 4025 arbitra-

2010 4081 2086 4134 ris
2117 4088 2168 4134 te
2217 4085 2527 4133 assecutum
2574 4075 2732 4127 esse?
2779 4072 3041 4140 Scopum,
3092 4068 3290 4136 inquit,
3332 4067 3583 4119 bravium

2012 4186 2207 4242 proper
2252 4169 2394 4238 quod
2425 4167 2626 4219 missus
2659 4180 2778 4218 sum
2813 4172 2870 4215 ut
2911 4163 3107 4231 dignus
3138 4175 3316 4213 essem
3353 4166 3581 4225 aposto-

2012 4263 2141 4315 latu.
2172 4259 2341 4312 Porro
2375 4258 2418 4311 si
2451 4258 2673 4318 Paulus,
2702 4270 2822 4307 cum
2855 4262 3042 4306 tantus
3067 4258 3230 4313 esset,
3262 4264 3368 4301 non
3395 4262 3586 4316 appre-

2011 4350 2220 4409 hendit,
2257 4349 2386 4413 quid
2418 4361 2516 4399 nos
2539 4345 2824 4398 dicemus?
2849 4341 3133 4408 Quomodo
3156 4354 3287 4408 ergo
3312 4338 3440 4391 alibi
3467 4340 3540 4389 ait
3569 4355 3580 4390 :

2016 4462 2033 4495 ι
2082 4444 2368 4496 Certamen
2403 4438 2706 4498 decertavi,
2737 4451 2963 4488 cursum
3012 4430 3387 4487 consummavi
3430 4430 3511 4483 "?
3561 4448 3581 4480 1

325 4539 479 4607 φησι,
511 4538 604 4589 καὶ
637 4535 780 4604 ἑξῆς.
813 4537 882 4587 Ἥ
943 4530 1034 4586 οῦν
1071 4534 1241 4594 οὕτως
1281 4533 1600 4602 ἐκληπτέον,
1635 4533 1666 4602 ἢ
1729 4533 1901 4602 ἑτέρῳ
1937 4515 1977 4567 D

1937 4515 1977 4567 θ
2009 4534 2276 4600 Quoniam
2313 4542 2442 4584 tunc
2479 4527 2800 4582 resolutioni
2840 4525 3121 4594 proximus
3157 4529 3292 4574 erat.
3335 4540 3353 4570 ι
3404 4519 3583 4573 Unum

327 4629 525 4699 μᾶλλον
554 4627 881 4678 ὑποπίπτειν
930 4625 1168 4693 σχήματι
1214 4623 1289 4693 τῷ
1318 4623 1424 4675 ἀπὸ
1457 4622 1660 4674 κοινοῦ.
1731 4622 1902 4684 Πολὺς

323 4723 431 4789 γάρ
466 4723 579 4771 ἐστι
633 4719 724 4771 καὶ
767 4721 822 4770 ἐν
853 4717 1026 4785 τούτῳ
1069 4718 1095 4767 ὁ
1128 4715 1269 4778 θεῖος
1332 4715 1562 4777 Παῦλος,
1601 4715 1715 4767 Ἱνα
1822 4715 1900 4774 τὸ,

322 4813 606 4880 λογίζομαι
645 4810 1031 4877 κατειληφέναι
1061 4808 1166 4860 ἀπὸ
1193 4806 1397 4859 κοινοῦ.
1422 4801 1546 4859 Οἶον
1578 4805 1728 4858 οὐδὲν
1755 4806 1901 4872 λογί-

325 4907 488 4974 ζομαι
544 4903 949 4970 κατειλητέναι,
1007 4899 1185 4967 ἀλλ’ἢ
1239 4897 1318 4950 ἓν.
1380 4898 1537 4949 Ποῖον
1587 4897 1642 4948 δέ
1698 4898 1902 4949 ὲστινὸ

323 4998 609 5063 λογίζομαι
641 4993 1061 5060 x1152).r;;s'vat;
1086 4991 1170 5042 ὃτι
1201 4990 1265 5042 τὰ
1289 4989 1386 5058 μὲν
1410 4990 1584 5042 ὀπίσω
1606 4988 1899 5042 ἐπιλανθα-

323 5091 569 5156 νόμενος,
614 5090 724 5147 τοῖς
759 5085 809 5136 δὲ
871 5083 1181 5152 ἔμπροσθεν
1229 5083 1703 5151 ἐπεκτεινόμενος,
1761 5083 1902 5135 κατὰ

325 5179 524 5230 σκοπόν
577 5177 778 5234 διώκω,
809 5175 899 5227 καὶ
929 5175 1078 5242 ἑξῆς.
1110 5173 1257 5224 Ἔδει
1298 5172 1406 5241 γὰρ
1463 5172 1623 5225 αὑτὸν
1648 5173 1901 5242 κατειλης

325 5272 502 5337 φέναι,
548 5271 627 5320 ὅτι
657 5268 794 5318 κατὰ
833 5266 1032 5318 σκοπὸν
1062 5265 1270 5328 διώκει,
1318 5264 1413 5316 καὶ
1447 5265 1546 5316 οὐκ
1579 5264 1725 5316 ἐστιν
1752 5265 1900 5334 αὐτῷ

327 5363 553 5433 μάταιος
581 5364 604 5412 ὁ
635 5361 854 5428 δρόμος.
890 5358 978 5409 Διὸ
1012 5357 1105 5408 καὶ
1144 5357 1376 5424 ἀλλαχοῦ
1408 5374 1572 5426 φησιν
1603 5373 1614 5385 ·
1662 5375 1678 5406 ι
1711 5357 1898 5420 Οὕτως

322 5456 523 5524 τρέχω,
574 5454 646 5516 ώς
685 5453 783 5504 οῦκ
837 5451 1067 5520 ἀδήλως,
1115 5449 1286 5512 οὕτως
1342 5451 1616 5512 πυκτεύω,
1668 5449 1743 5513 ὡς
1796 5452 1897 5502 οὐκ

323 5547 464 5616 ἀέρα
493 5545 682 5614 δέρων.
737 5563 754 5594 1
814 5544 919 5596 Καὶ
951 5542 1111 5595 πάλιν
1139 5559 1150 5571 ·
1197 5561 1213 5592 ι
1280 5540 1466 5602 Οὕτως
1513 5543 1754 5611 τρέχετε,
1811 5543 1895 5594 ἵνα

323 5636 689 5706 κιταλὰϐητε.
723 5654 739 5685 1
779 5666 845 5674 -
881 5654 898 5686 ι
949 5635 1029 5686 Τὰ
1088 5636 1186 5703 μὲν
1245 5634 1440 5700 ὀπίσω,
1470 5634 1898 5707 ὲπιλανϐανόμεο

434 5823 475 5852 ²²
510 5822 523 5874 Ι
556 5822 745 5879 'l'hcss.
788 5839 857 5885 ιι,
907 5823 988 5875 Hi.
1067 5821 1109 5851 ³³
1139 5820 1176 5875 ll
1215 5819 1352 5874 'l'tttt.
1408 5834 1480 5883 ιτ,
1533 5817 1586 5873 7.

2012 4633 2213 4677 autem.
2257 4641 2273 4670 1
2316 4619 2490 4673 Unum
2518 4627 2697 4671 autem
2733 4632 2856 4683 ago,
2895 4617 3091 4682 inquit,
3125 4623 3178 4665 et
3218 4613 3270 4666 in
3306 4627 3416 4664 uno
3444 4614 3584 4664 dun-

2013 4725 2158 4770 taxat
2204 4722 2349 4766 totus
2382 4727 2525 4766 smn.
2561 4708 2716 4774 Quod
2750 4709 2864 4759 ait:
2902 4706 3073 4759 Unum
3109 4714 3312 4764 autem,
3357 4712 3448 4756 aut
3489 4718 3585 4770 per

2009 4807 2279 4861 defectum
2330 4802 2708 4872 accipiendum
2747 4807 2850 4858 est,
2910 4797 3082 4850 veluti
3143 4795 3379 4859 majores
3407 4791 3582 4844 nostri

2009 4909 2355 4967 acceperunt.
2389 4897 2521 4949 Nam
2553 4906 2606 4949 et
2642 4895 2694 4946 in
2730 4895 2829 4945 hoc
2883 4891 3161 4944 schemate
3192 4886 3448 4952 frequens
3478 4892 3583 4944 est,

2013 5004 2068 5048 ut
2101 4993 2241 5046 desit
2273 4990 2435 5051 Cnro,
2481 4987 2750 5040 sollicitus
2795 4998 2938 5045 sum,
2970 4981 3128 5032 anxie
3178 4979 3380 5046 cogito.
3417 4973 3589 5036 Quid-

2013 5104 2135 5141 nam
2187 5084 2319 5140 illud
2373 5083 2494 5136 est?
2525 5081 2592 5132 lia
2631 5077 2849 5146 quidem
2885 5089 3005 5143 qua:
3050 5087 3078 5123 a
3117 5078 3264 5136 tergo
3290 5075 3437 5125 sunt.
3473 5074 3582 5116 etc.

2009 5182 2116 5234 Λιιι
2159 5180 2258 5232 hoc
2291 5190 2420 5244 ergo
2467 5173 2628 5226 modo
2667 5166 3045 5238 accipiendum
3084 5172 3165 5216 cst
3205 5177 3218 5208 :
3257 5168 3349 5211 aut
3399 5158 3583 5225 potius

2010 5275 2185 5333 aliter,
2217 5281 2276 5324 ut
2309 5269 2492 5337 figurae
2523 5263 2854 5332 subjiciatur
2879 5272 3000 5327 quae
3028 5252 3329 5322 appellatur
3359 5252 3398 5300 Α
3433 5262 3584 5300 com-

2011 5366 2160 5419 muni
2193 5378 2353 5417 sensu
2408 5357 2671 5426 at‘ccptio.
2710 5354 2841 5406 Nam
2893 5363 2943 5402 et
2973 5349 3026 5401 in
3061 5349 3162 5399 hac
3193 5344 3448 5410 frequens
3495 5351 3582 5392 est

2005 5460 2164 5513 dirus
2197 5455 2394 5508 Paulus
2451 5473 2462 5505 :
2496 5459 2551 5503 ut
2601 5465 2627 5501 a
2657 5443 2934 5499 communi
2974 5456 3136 5496 sensu
3181 5445 3432 5491 sumatur
3466 5433 3579 5496 hic,

2003 5552 2251 5605 Arbitror
2305 5561 2389 5598 me
2451 5548 2761 5597 assecutum
2819 5550 2962 5590 esse.
3014 5530 3154 5584 Nihil
3212 5542 3296 5580 me
3344 5524 3579 5577 arbitror

2005 5646 2315 5697 assecutum
2353 5649 2472 5690 esse
2518 5638 2712 5702 praeter
2752 5638 2911 5697 quam
2959 5635 3148 5676 unum.
3180 5613 3462 5682 Quodnam
3496 5616 3578 5667 est
