4216 6450
274 443 416 509 1309

1243 443 1638 507 COMMENT.
1679 447 1760 506 IN
1792 447 2033 507 El‘lST.
2077 449 2175 507 AD
2204 450 2492 512 PHILII’.

3383 450 3530 518 1310

273 562 504 629 γμάτων
531 559 852 623 ἀλλοιώσας,
880 557 1096 612 ᾶπαντα
1131 558 1394 611 κατέλυσε
1430 559 1524 610 καὶ
1545 559 1611 612 τὰ
1636 558 1845 628 ἐμπρο-

1954 561 2000 613 is
2027 560 2118 628 qui
2150 561 2357 630 aliquid
2377 563 2693 632 dogmatum
2725 562 3055 629 immutavit,
3087 563 3252 619 etiam
3279 567 3532 625 universa

271 656 421 712 σθεν,
449 649 590 704 οὕτω
637 651 732 703 καὶ
759 649 859 718 τῆς
901 649 1180 711 πολιτείας
1213 649 1242 701 ὂ
1267 666 1318 701 τι
1356 648 1723 719 μεταθέμενος
1749 649 1843 702 καὶ

269 740 536 808 καθυφεὶς
592 740 686 791 καὶ
724 740 797 808 μὴ
853 741 951 808 τὴν
988 739 1158 810 αὐτὴν
1200 739 1484 808 φυλάττων
1534 741 1844 811 ἀκρίϐειαν,

270 833 364 884 καὶ
403 831 471 884 τὰ
514 831 856 901 προλαϐόντα
903 831 1228 902 ἐλυμήνατο.
1269 829 1402 886 Εἶτα
1459 834 1545 888 ἵνα
1599 834 1673 904 μὴ
1718 835 1844 907 δόξῃ

268 921 714 992 δυσκατόρθωτον
747 922 841 976 καὶ
867 921 1124 976 δύσκολον
1180 924 1511 987 ἐπιτάττειν,
1542 925 1603 978 τὸ
1625 925 1691 979 δι’
1723 927 1844 980 ὅλου

268 1013 361 1065 τοῦ
404 1013 518 1082 βίου
548 1015 769 1086 ἀρεταῖς
797 1015 890 1067 καὶ
913 1014 1162 1086 εὐσεϐείᾳ
1183 1017 1595 1081 συνασκετσθαι,
1625 1020 1840 1086 ἐπάγει.

271 1105 516 1175 Μιμηταί
550 1124 652 1172 μου
669 1106 904 1174 γίνεσθε.
954 1106 1198 1177 Ῥᾷστον,
1227 1109 1413 1178 φησὶν,
1464 1109 1614 1162 οὐδὲν
1649 1111 1844 1163 ἀδύνα-

266 1217 360 1253 τον
389 1201 624 1266 ἀπαιτῶ,
671 1200 958 1269 ἄνθρωπος
983 1199 1138 1268 κάγὼ
1175 1200 1536 1273 ὁμοιοπαθὴς,
1569 1201 1646 1264 ὡς
1675 1203 1842 1273 ὁρᾶτὲ

271 1308 364 1358 με,
391 1289 535 1342 οὕτω
582 1291 675 1343 καὶ
706 1291 860 1343 αὐτοὶ
911 1289 1272 1357 ἀγωνίζεσθε.
1303 1289 1394 1358 Τῷ
1428 1290 1576 1360 αύτῷ
1609 1295 1844 1361 στοιχεῖν

269 1385 476 1436 κανόνι.
528 1381 602 1435 Τὸ
659 1382 858 1452 χωρίον
913 1381 1152 1451 τοῦτο,ἢ
1215 1382 1532 1451 προτροπῆς
1588 1383 1757 1447 ἐστιν,
1812 1382 1844 1451 ἢ

267 1475 455 1544 εὐχῆς.
525 1474 664 1527 Ἀλλ’
703 1477 749 1526 εἰ
781 1474 879 1542 μὲν
940 1476 1275 1543 προτροπῆς,
1332 1473 1594 1526 λείπειτὸ
1623 1476 1722 1528 δεῖ.
1759 1477 1848 1526 Δεῖ

267 1564 412 1631 ὑμᾶς
444 1563 716 1630 στοιχεῖν
739 1562 819 1627 τῷ
849 1562 1009 1627 αὐτῷ
1037 1565 1268 1625 κανόνι,
1297 1565 1360 1616 τὸ
1387 1564 1534 1617 αὐτὸ
1577 1565 1841 1632 φρονεῖν.

268 1656 332 1707 Ei
362 1654 602 1723 ὀφείλετε
654 1657 886 1723 στοιχεῖν
916 1654 989 1724 τῷ
1021 1655 1169 1724 αύτῷ
1226 1656 1430 1712 κανόνι,
1495 1655 1738 1722 ὀφείλετε
1787 1656 1846 1707 τὸ

268 1747 402 1799 αὐτὸ
455 1749 694 1815 φρονεῖν.
747 1747 809 1798 El
852 1747 908 1798 δὲ
955 1746 1110 1815 εὐχὴ,
1144 1746 1250 1798 ἀπὸ
1293 1746 1472 1798 κοινοῦ
1503 1747 1845 1816 ληφθήσεται

266 1835 750 1905 τδ,άποκαλύψει“,
815 1830 940 1888 Οἶον
1003 1834 1345 1904 ἀποκαλύψει
1400 1835 1528 1903 ὑμῖν
1587 1835 1664 1904 τῷ
1695 1835 1846 1903 αὐτῷ

1949 653 2314 720 praecedentia
2349 653 2600 706 dissolvit
2639 673 2651 708 :
2685 654 2760 706 ita
2809 663 2863 708 et
2903 654 2956 708 in
2981 657 3407 713 conversatione
3437 660 3530 729 qui

1948 743 2150 810 aliquid
2181 752 2564 812 transgressns
2589 755 2644 797 et
2672 746 3062 815 pravaricatus
3095 756 3200 812 est,
3239 764 3349 804 non
3381 765 3535 806 eain-

1947 832 2072 886 dcm
2135 835 2482 890 observando
2531 835 2910 904 diligentiam,
2957 839 3122 892 etiam
3169 842 3533 908 prascedentia

1948 925 2218 994 corrupit.
2271 924 2474 981 Deinde
2519 943 2586 981 ne
2631 941 2745 980 rem
2802 928 3070 984 dillicilem
3119 943 3174 985 et
3227 947 3352 1001 quae
3391 947 3535 1002 agre

1950 1016 2134 1086 perlici
2189 1017 2364 1086 possit
2415 1019 2665 1073 videatur
2723 1019 3042 1090 praecipere,
3091 1036 3287 1092 nempe
3332 1031 3392 1077 ut
3425 1033 3532 1078 tota

1948 1109 2059 1161 vita
2087 1119 2449 1164 exerceantur
2474 1113 2528 1163 in
2553 1111 2848 1168 virtutibus
2873 1123 2926 1167 et
2953 1113 3181 1183 pietate,
3207 1116 3491 1185 subjungit
3516 1135 3531 1173 :

1951 1198 2260 1254 Imitatores
2287 1199 2391 1254 mei
2427 1209 2624 1254 estote.
2655 1199 2812 1266 Quod
2845 1202 3163 1258 facillimum
3196 1215 3301 1271 est,
3333 1206 3531 1275 inquit,

1947 1295 2130 1359 exigo,
2176 1293 2421 1363 nihilque
2453 1293 2816 1364 impossibile,
2847 1311 2972 1350 cum
3022 1307 3076 1350 et
3105 1311 3206 1366 ego
3237 1296 3398 1350 homo
3427 1298 3532 1352 sim

1949 1384 2204 1437 similiter
2230 1384 2522 1440 all'ectibns
2566 1387 2864 1440 obnoxius.
2916 1387 3387 1452 Quemadmodum
3414 1404 3534 1443 cer-

1950 1485 2150 1528 tantem
2174 1490 2260 1527 me
2281 1475 2500 1539 videtis,
2535 1477 2606 1528 ita
2629 1485 2681 1530 et
2702 1477 2802 1545 ipsi
2837 1488 3064 1534 certate.
3103 1479 3195 1532 Τῶ
3217 1478 3366 1550 αὐτῷ
3393 1495 3535 1532 στοι-

1949 1567 2066 1635 χεῖν
2096 1565 2304 1629 κανόνι,
2335 1566 2395 1618 τὸ
2430 1567 2561 1618 αὐτὸ
2588 1570 2826 1635 φρονεῖν.
2861 1568 3060 1622 Eadem
3098 1572 3396 1637 persistere
3431 1587 3520 1624 re-

1949 1657 2094 1726 gula,
2156 1656 2296 1711 idem
2359 1661 2584 1713 sentire.
2632 1658 2760 1730 (Pro
2816 1674 2925 1729 quo
2975 1662 3274 1726 vertimus,
3329 1661 3531 1716 Eadem

1952 1751 2312 1818 persistamus
2339 1752 2550 1820 regula,
2575 1751 2714 1805 idem
2736 1751 3090 1820 sentiamus.)
3119 1751 3243 1807 Haec
3263 1753 3532 1821 particula

1952 1852 2045 1894 ant
2098 1843 2503 1898 exhortationis
2557 1853 2638 1897 est
2683 1851 2776 1896 aut
2825 1844 3163 1912 precationis
3201 1859 3215 1896 :
3250 1860 3437 1899 verum
3485 1844 3532 1899 si

268 1933 457 1984 κανόνι
506 1931 761 1998 στοιχεῖν,
811 1929 906 1982 καὶ
941 1927 1088 1997 ἑξῆς.
1123 1923 1244 1981 Οἵδε
1277 1927 1382 1996 γὰρ
1410 1927 1538 1981 ἄνευ
1566 1931 1662 1998 τῆς
1691 1927 1842 1990 Θείας

1949 1934 2351 1990 exhertationis
2397 1935 2490 1999 sit,
2533 1935 2718 1989 deticit
2765 1935 3015 2006 Oportet.
3056 1935 3306 2005 Oportet,
3333 1937 3533 2007 inquit,

270 2025 486 2094 ῥοπῆς,
545 2024 711 2093 μηδὲν
777 2022 1244 2093 κατορθούμενον.
1296 2020 1369 2074 Τὸ
1422 2021 1553 2074 αὐτὸ
1602 2025 1842 2092 φρονεῖν,

1949 2043 2043 2080 vos
2073 2028 2262 2081 eadem
2302 2028 2601 2096 persistere
2634 2029 2846 2096 regula,
2880 2027 3022 2082 idem
3071 2027 3275 2080 sentire
3309 2045 3321 2080 :
3362 2030 3406 2082 si
3442 2042 3534 2080 ea-

268 2118 452 2184 φησιν,
484 2117 563 2180 είς
593 2116 621 2168 ὃ
651 2115 968 2185 ἐφθάσαμεν
992 2116 1049 2168 ὲν
1090 2117 1154 2185 τῇ
1189 2114 1390 2178 πίστει,
1447 2114 1521 2184 μὴ
1561 2114 1740 2177 πλέον,
1769 2115 1844 2184 μὴ

1949 2117 2070 2170 dein
2104 2118 2315 2172 delictis
2343 2121 2640 2189 persistere
2662 2120 2868 2189 regula,
2899 2119 3112 2175 debetis
3131 2119 3273 2173 idem
3301 2119 3530 2172 sentire.

265 2204 508 2258 ἔλαττον.
1953 2207 2007 2261 Si
2044 2225 2172 2263 vero
2206 2212 2446 2278 precatio
2490 2221 2590 2274 est,
2648 2221 2898 2265 sumetur
2950 2227 2978 2263 a
3026 2211 3303 2265 communi
3359 2225 3529 2266 sensu

269 2297 572 2361 “e'vlabil.
607 2307 663 2351 ut
691 2294 764 2350 sit
793 2309 988 2349 sensus
1022 2310 1036 2347 :
1072 2294 1354 2348 Revelabit
1396 2293 1635 2348 vobisut
1682 2295 1871 2350 eadem
1914 2302 2100 2369 regula
2164 2303 2496 2370 persistatis,
2549 2313 2606 2357 ut
2649 2305 2790 2358 idem
2828 2304 3107 2360 sentiatis.
3157 2303 3315 2358 Novit
3385 2304 3530 2358 enim

268 2395 402 2449 nihil
434 2393 645 2462 absque
685 2391 872 2447 divino
918 2389 1107 2460 perlici
1147 2387 1376 2441 auxilio.
1419 2385 1590 2454 Idem,
1639 2388 1838 2460 inquit,
1881 2395 2088 2448 sentire
2121 2396 2260 2450 ineo
2292 2397 2437 2466 quod
2463 2399 2514 2452 in
2543 2397 2646 2452 lide
2673 2398 2914 2453 assecuti
2945 2413 3158 2462 sumus,
3217 2415 3322 2453 non
3386 2399 3528 2473 plus,

269 2507 376 2544 ιιυιι
405 2503 605 2540 minus.

342 2581 714 2652 Συμμιμηταί
750 2597 866 2649 μου
911 2580 1171 2648 γίνεσθε,
1233 2579 1511 2647 ἀδελφοί,
1554 2582 1649 2632 καὶ
1698 2596 1838 2634 σκο-

269 2677 432 2731 πεῖτε
478 2675 620 2740 τοὺς
658 2672 844 2736 οὕτως
888 2670 1386 2738 περιπατοῦντας,
1435 2671 1628 2735 καθὼς
1674 2672 1842 2738 ἔχετε

271 2772 463 2824 τύπον
514 2765 692 2834 ἡμᾶς.
751 2764 970 2818 Πολλοί
1021 2764 1129 2831 γὰρ
1200 2761 1673 2830 περιπατοῦσιν,
1738 2762 1845 2828 οὓς

271 2860 568 2924 πολλάκις
601 2857 815 2924 ἔλεγον
844 2854 1004 2922 ὑμῖν.
1039 2853 1167 2908 Νῦν
1197 2853 1266 2906 δὲ
1288 2854 1385 2906 καί
1409 2855 1632 2906 κλαίων
1667 2851 1841 2921 λέγω,

272 2954 417 3019 τοὺς
478 2949 731 3018 ἐχθροὺς
757 2945 864 3000 τοῦ
927 2945 1192 3014 σταυροῦ
1229 2945 1335 2999 τοῦ
1356 2944 1636 3012 Χριστοῦ,
1665 2938 1752 2996 ὧν
1781 2944 1848 2995 τὸ

274 3049 448 3109 τέλος
477 3042 764 3101 ἀπώλεια,
791 3033 877 3092 ὧν
907 3042 940 3092 ό
973 3039 1118 3102 Θεὸς
1160 3040 1197 3105 ἠ
1225 3039 1442 3097 xeo/lla,
1498 3037 1593 3088 καὶ
1629 3038 1666 3100 ἡ
1696 3035 1847 3099 δόξα

271 3139 341 3191 ἐν
371 3135 443 3202 τῇ
491 3134 756 3201 αἰσχύνῃ
816 3128 1036 3195 αὐτῶν,
1084 3134 1138 3182 ol
1170 3130 1240 3182 τὰ
1276 3129 1507 3197 ἐπίγεια
1559 3127 1850 3197 φρονοῦν-

274 3249 393 3295 τερ.

354 3340 370 3371 ι
405 3315 763 3386 Συμμιμηταί
803 3331 904 3383 μου
934 3313 1170 3381 γίνεσθε.
1188 3330 1204 3363 ι
1233 3311 1306 3364 Οὐ
1331 3311 1438 3380 γὰρ
1460 3311 1544 3363 διὰ
1562 3313 1730 3378 λόγων
1752 3311 1850 3379 μό-

2012 2583 2101 2644 llt,
2129 2584 2299 2637 17-19.
2323 2583 2627 2637 Imitatores
2649 2585 2748 2636 mei
2777 2593 2960 2646 estote,
2986 2584 3271 2652 fratres,et
3297 2583 3532 2636 conside-

1945 2685 2058 2728 rate
2077 2693 2162 2727 eos
2195 2677 2378 2744 quisic
2404 2675 2700 2741 auibulant,
2735 2676 3176 2745 quemadmodum
3207 2675 3414 2729 habetis
3442 2692 3534 2728 nos

1946 2783 2040 2834 pro
2074 2777 2214 2836 typo.
2257 2767 2396 2819 Ναηι
2440 2769 2734 2835 complures
2778 2771 3050 2821 ambulant
3084 2767 3147 2821 de
3181 2768 3366 2838 quibus
3400 2783 3537 2834 sirpe

1946 2861 2060 2913 dixi
2093 2859 2235 2914 vobis
2267 2875 2285 2913 :
2319 2877 2456 2912 nunc
2492 2870 2664 2913 autem
2699 2871 2746 2913 et
2781 2861 2910 2928 [lens
2933 2862 3050 2913 dico
3085 2876 3103 2914 :
3136 2860 3382 2912 inimicos
3415 2875 3536 2912 cru-

1950 2952 2026 3004 cis
2055 2949 2272 3013 Christi,
2306 2967 2528 3016 quorum
2573 2953 2692 3016 ﬁnis
2727 2952 2953 3017 perditio
2985 2961 3087 3012 est,
3127 2967 3350 3018 quorum
3394 2949 3535 3002 Deus

1951 3054 2125 3096 venter
2145 3053 2241 3107 est,
2274 3053 2320 3096 et
2344 3045 2515 3114 gloria
2542 3045 2592 3095 in
2619 3043 2869 3097 dedecore
2895 3045 3126 3111 ipsorum
3156 3043 3244 3112 qui
3266 3043 3537 3096 terrestria

1950 3144 2159 3186 Clli'llill.

2029 3311 2180 3379 ιοι
2195 3330 2212 3361 ι
2239 3311 2544 3365 lmitatores
2563 3313 2666 3364 mei
2687 3320 2880 3367 estote.
2908 3329 2928 3362 ι
2959 3310 3144 3379 Neque
3160 3311 3302 3363 enim
3320 3309 3539 3364 divinus

273 3431 363 3468 νον
417 3412 694 3465 ἐδίδασκεν
727 3410 754 3460 ὀ
781 3407 1046 3476 μακάριος
1071 3398 1246 3465 οὗτος,
1277 3403 1410 3454 άλλᾶι
1439 3404 1531 3455 καὶ
1565 3405 1620 3454 ἐν
1644 3403 1848 3472 ἔργοις,

1962 3401 2051 3453 hic
2084 3401 2166 3454 vir
2184 3401 2317 3457 solis
2351 3402 2584 3454 docebat
2616 3402 2982 3464 sermonibus,
3013 3402 3105 3455 sed
3134 3409 3187 3454 et
3228 3416 3326 3466 pro
3350 3416 3536 3455 exem-

275 3510 444 3570 τύπος
480 3503 656 3558 αὐτῶν
686 3500 910 3568 ἐγίνετο.
976 3515 992 3547 ι
1034 3495 1142 3549 Καὶ
1199 3497 1471 3546 σκοπεῖτε.
1514 3513 1531 3543 ι
1585 3495 1730 3545 ’Λνω
1763 3495 1860 3564 μὲν

277 3603 453 3668 ἔλεγε,
488 3596 722 3650 Βλέπετε
754 3589 879 3644 τοὺς
918 3587 1086 3649 κύνας
1121 3587 1359 3647 καὶτοὺς
1383 3585 1584 3643 κακοὺς
1604 3585 1860 3653 ἐργάτας,

275 3697 401 3755 τοὺς
424 3692 502 3744 ἔτι
533 3687 625 3740 καὶ
671 3683 807 3755 μετὰ
856 3683 954 3752 τὴν
981 3682 1163 3733 πίστιν
1202 3679 1614 3742 Ἰουδαῒζοντας.
1641 3678 1750 3729 Νῦν
1781 3677 1858 3739 δὲ,

280 3783 462 3850 κοινὴν
483 3779 665 3838 αὐτοῖς
683 3775 861 3826 δίδωσι
888 3773 1290 3840 παρατήρησιν,
1308 3769 1392 3820 ἵνα
1422 3768 1652 3831 τούτοις,
1674 3767 1858 3836 φησιν,

278 3866 683 3939 ἀναμίγνυσθε,
747 3857 856 3916 οἷον
899 3861 1072 3913 τύπον
1124 3860 1348 3928 φέρουσι
1380 3860 1478 3927 τῆς
1523 3858 1663 3926 ὲμῆς
1725 3856 1862 3926 πρὸς

281 3966 426 4032 ὑμᾶς
454 3957 818 4029 ἀναστροφῆς.
844 3987 910 3997 --
940 3975 956 4006 ι
979 3951 1120 4011 Τοὺς
1147 3950 1320 4013 οὕτως
1345 3951 1803 4020 περιπατοῦντας.
1837 3970 1854 4001 ι

283 4053 816 4130 [ΦΩΤ.]Περιπατεῐν
844 4044 1323 4114 ὲνταῦθα,τδβιοῦν
1351 4045 1444 4098 καὶ
1486 4043 1861 4096 πολιτεύεσθαι

278 4147 546 4217 λαμϐάνει
609 4140 814 4202 ἁπλῶς.
865 4137 1112 4203 Ἐπειδὴ,
1165 4137 1321 4203 φησι,
1376 4135 1563 4187 πολλοὶ
1615 4152 1857 4203 περιπα-

280 4239 485 4299 τοῦσιν,
553 4235 632 4297 είς
694 4231 966 4299 διάκρισιν
1009 4226 1118 4280 τῶν
1187 4225 1362 4294 ὀρθῶς
1389 4225 1862 4294 περιπατούντων,

282 4331 376 4383 καὶ
412 4326 485 4397 μὴ
549 4324 802 4376 σκοπεῖτε
821 4319 966 4378 τίνες
987 4313 1354 4384 περιπατοῦσι
1381 4314 1523 4366 κατὰ
1555 4313 1641 4365 τὸν
1663 4312 1859 4373 τύπον,

279 4423 340 4474 ὃν
388 4415 874 4487 περιεπατήσαμεν
936 4409 1134 4477 ἡμεῖς,
1220 4406 1313 4456 καὶ
1371 4405 1583 4466 τούτοις
1637 4405 1858 4456 ἕπεσθε.

287 4533 306 4564 ι
337 4509 526 4564 Πολλοὶ
581 4507 687 4576 γὰρ
735 4500 1117 4570 περιπατοῦσι.
1155 4517 1173 4548 ι
1232 4497 1454 4556 Κακῶς,
1497 4497 1681 4563 φησιν,
1722 4497 1866 4562 ἤπερ

282 4601 411 4669 ἐγώ.
463 4618 480 4650 ι
504 4598 618 4650 Νῦν
639 4595 696 4646 δὲ
720 4593 815 4646 καὶ
839 4590 1036 4643 κλαίων
1059 4589 1225 4655 λέγω.
1256 4606 1274 4637 ι
1320 4587 1460 4656 Ὅρα
1486 4586 1553 4638 τὰ
1581 4586 1865 4653 σπλάγχνα

287 4697 521 4757 Παύλου,
577 4692 670 4745 ἐπὶ
701 4692 811 4750 τοῖς
858 4687 1060 4754 ἑτέρων
1096 4683 1351 4735 κλαίοντα
1387 4685 1596 4742 κακοῖς.
1647 4682 1865 4747 Ἐπειδὴ

284 4792 392 4859 γὰρ
456 4786 637 4846 αὐτοῖς
686 4781 931 4833 ἐπέτεινε
990 4775 1051 4828 τὸ
1101 4776 1335 4842 νόσημα,
1391 4775 1583 4826 πενθεῖ
1641 4773 1858 4833 αύτούς.

290 4903 308 4932 ι
333 4881 474 4941 Τοὺς
507 4874 736 4947 ἐχθροὺς
779 4871 874 4925 τοῦ
901 4866 1136 4938 σταυροῦ
1164 4865 1258 4918 τοῦ
1288 4864 1542 4935 Χριστοῦ.
1585 4885 1601 4914 ι
1667 4865 1861 4926 Ποίους

282 4973 508 5034 τούτους
591 4965 834 5025 κελεύεις
876 4964 1025 5033 ἡμᾶς
1087 4957 1648 5029 παραφυλάττεσθαι,
1722 4957 1862 5020 Τοὺς

286 5065 534 5135 ἐχθροὺς,
586 5059 740 5128 φησι,
798 5053 892 5108 τοῦ
936 5049 1170 5120 σταυροῦ
1224 5047 1317 5100 τοῦ
1382 5047 1644 5117 Χριστοῦ.
1678 5043 1860 5100 Ἦσαν

287 5158 396 5225 γάρ
456 5169 603 5214 τινες
654 5147 971 5220 Χριστιανοὶ
1035 5145 1132 5214 μὲν
1169 5140 1351 5211 δῆθεν,
1387 5142 1445 5193 ὲν
1486 5143 1662 5209 τρυφῇ
1690 5141 1746 5193 δε
1774 5141 1867 5194 καὶ

288 5249 469 5302 ἀνέσει
536 5243 757 5308 ζῶντες,
801 5238 892 5300 οὓς
942 5235 1166 5306 ἐχθροὺς
1227 5231 1321 5284 τοῦ
1371 5231 1606 5302 σταυροῦ
1671 5249 1859 5302 φησιν.

301 5338 552 5393 Ἐναντία
597 5337 704 5404 γὰρ
766 5331 914 5399 αὐτῷ
949 5329 1279 5399 πράττουσιν
1316 5340 1328 5352 ·
1367 5326 1394 5376 ὀ
1428 5324 1524 5392 μὲν
1558 5325 1664 5391 γὰρ
1688 5324 1866 5394 ψυχῆς

289 5435 459 5485 δεῖται
513 5429 772 5497 γενναίας
809 5466 823 5486 ,
887 5417 1375 5490 παρατεταγμένης
1433 5418 1512 5477 είς
1566 5415 1864 5481 κινδύνους,

290 5529 386 5580 καὶ
452 5522 794 5593 μιμουμένης
853 5517 943 5570 τὸν
1002 5515 1132 5567 ἴδιον
1163 5510 1464 5578 Δεσπότην,
1509 5510 1558 5560 οἱ
1588 5509 1641 5559 δὲ
1671 5509 1870 5578 γαστρὶ

291 5618 652 5674 δουλεύουσιν.
680 5634 697 5665 ι
725 5607 825 5665 Ὧν
872 5610 932 5663 τὸ
955 5607 1106 5668 τέλος
1177 5601 1443 5656 ἀπώλεια.
1493 5619 1512 5651 ι
1568 5601 1764 5663 Καλῶς
1813 5602 1872 5654 τὸ

292 5712 444 5773 τέλος
493 5705 643 5761 εἶπεν
697 5703 972 5759 ἀπώλειαν
1008 5741 1021 5763 ,
1076 5698 1170 5750 ἐὰν
1221 5694 1348 5763 ἄχρι
1403 5692 1592 5753 τέλους
1647 5692 1870 5760 μείνωσι

292 5801 545 5856 τοιοῦτοι.
606 5799 767 5860 Εἰκὸς
805 5796 912 5865 γὰρ
961 5789 1029 5862 ἦν
1082 5791 1175 5843 καὶ
1231 5783 1652 5854 μεταϐληθῆναι.
1707 5805 1722 5833 ι
1761 5780 1862 5836 τιιν

295 5896 324 5947 ὀ
357 5894 474 5958 θεὸς
521 5893 554 5962 ἡ
597 5890 792 5963 κοιλία.
834 5907 851 5938 ι
901 5885 988 5947 Ὠς
1019 5879 1275 5949 δεσποίνῃ
1321 5875 1447 5945 γὰρ,
1483 5875 1682 5945 μᾶλλον
1713 5877 1763 5930 δὲ
1790 5877 1861 5941 ὡς

1966 3492 2102 3560 μιαί
2145 3493 2277 3561 ipsis
2323 3493 2734 3562 proponebatur
2766 3495 2819 3546 in
2862 3494 3145 3562 operibus.
3195 3512 3214 3544 ι
3256 3493 3314 3545 Et
3348 3493 3535 3548 consi-

1963 3584 2176 3635 derate.
2237 3601 2254 3632 ι
2314 3583 2372 3636 In
2422 3584 2801 3652 superioribus
2867 3584 3086 3651 quidem
3134 3583 3290 3645 dixit,
3351 3583 3538 3636 Videte

1964 3687 2150 3736 canes,
2211 3673 2391 3727 videte
2453 3675 2628 3727 malos
2668 3675 2955 3742 uperarios
2990 3693 3002 3727 :
3040 3689 3236 3743 nempe
3287 3689 3384 3729 eus
3437 3676 3532 3742 qui

1965 3775 2089 3834 post
2128 3776 2438 3834 susceptam
2474 3767 2630 3818 tidem
2661 3766 2841 3819 adhuc
2872 3765 3218 3819 Judaismum
3251 3766 3543 3819 ser-taban-

1967 3867 2077 3910 tur.
2133 3857 2287 3910 Nunc
2324 3867 2506 3911 autem
2562 3872 2912 3911 communem
2953 3857 3046 3910 dat
3090 3859 3168 3910 eis
3200 3856 3537 3912 observatio-

1968 3964 2090 4002 nem
2125 3967 2136 4002 :
2169 3959 2227 4001 ut
2265 3949 2396 4012 illis,
2451 3949 2649 4016 inquit,
2699 3948 3166 4001 commisceamini
3220 3949 3310 4015 qui
3360 3958 3542 4017 typum

1968 4052 2161 4108 gerunt
2192 4054 2323 4093 mea:
2361 4039 2500 4107 apud
2539 4054 2633 4092 vos
2664 4038 3118 4092 conversationis.
3147 4056 3165 4089 ι
3204 4038 3309 4092 Eos
3340 4038 3432 4107 qui
3463 4037 3545 4092 sic

1970 4131 2269 4182 :nuhulaut.
2313 4149 2328 4180 ι
2377 4130 2676 4183 Ambulare
2732 4129 2902 4183 Sinnit
2950 4128 3037 4181 hic
3084 4129 3410 4194 simpliciter
3449 4141 3545 4193 pro

1968 4223 2152 4275 vivere
2178 4229 2230 4273 et
2261 4221 2599 4275 conversari.
2633 4219 3114 4290 Quandoquidem,
3151 4219 3352 4287 inquit,
3380 4219 3540 4271 multi

1970 4313 2251 4366 ambulant
2288 4331 2300 4364 :
2338 4313 2401 4365 ad
2438 4311 2929 4365 internosceudum
2966 4311 3190 4379 quinam
3229 4319 3377 4362 recte
3418 4324 3537 4361 am-

1971 4407 2181 4466 bulant,
2215 4412 2266 4458 et
2299 4406 2391 4473 qui
2426 4419 2556 4468 non,
2583 4406 2933 4458 considerate
2955 4405 3049 4472 qni
3077 4403 3360 4456 ambulent
3388 4403 3546 4471 juxta

1969 4497 2194 4566 vestigia
2223 4507 2276 4551 ct
2300 4508 2484 4568 typum
2521 4513 2629 4566 quo
2664 4512 2761 4550 nos
2791 4496 3196 4548 ambulavitnns
3224 4503 3278 4547 et
3317 4509 3414 4547 eos
3457 4508 3546 4546 se-

1974 4591 2230 4661 quimini.
2275 4610 2292 4640 (
2329 4589 2461 4642 Nam
2497 4589 2810 4656 complures
2857 4587 3164 4640 ambulant.
3204 4606 3223 4638 ο
3257 4585 3412 4646 Male,
3467 4585 3550 4636 in-

1973 4685 2117 4752 quit,
2146 4694 2199 4736 ct
2243 4683 2400 4736 aliter
2432 4697 2596 4749 quam
2647 4697 2767 4749 ego.
2806 4699 2822 4730 ι
2864 4679 3023 4732 Nunc
3089 4687 3272 4730 autem
3309 4687 3362 4731 et
3410 4676 3552 4730 ﬂens

1973 4776 2115 4827 dico.
2171 4793 2189 4826 ι
2225 4773 2615 4826 Animadverte
2649 4771 2801 4824 Pauli
2838 4772 3048 4823 viscera
3083 4769 3176 4838 qui
3210 4769 3280 4822 ob
3313 4769 3552 4821 aliornn‘r

1975 4867 2373 4934 ploraterrata.
2405 4861 2686 4931 Siquidem
2720 4860 2848 4929 quia
2893 4860 3118 4911 morbus
3149 4857 3287 4924 ipsis
3327 4864 3555 4925 proten-

1973 4957 2220 5017 debetur,
2269 4954 2416 5022 luget
2457 4955 2628 5020 ipsos.
2693 4971 2710 5002 ι
2750 4951 3003 5003 Inimicos
3039 4948 3223 5002 crucis
3257 4947 3485 5000 Christi.
3523 4965 3548 4998 ο

1972 5048 2203 5112 Quinam
2232 5056 2358 5100 sunt
2383 5047 2582 5115 Iniquus
2604 5045 2767 5111 jubes
2795 5057 2892 5095 nos
2913 5041 3248 5094 observare?
3268 5039 3546 5103 Inimicos,

1969 5142 2065 5205 ait,
2121 5140 2304 5193 crucis
2333 5138 2563 5190 Christi.
2621 5136 2790 5188 Erant
2835 5134 2981 5187 enim
3020 5132 3242 5199 quidam
3281 5139 3547 5197 tanquam

1972 5249 2104 5286 sane
2133 5230 2458 5291 Christiani,
2499 5229 2593 5297 qui
2630 5226 2892 5280 tamenin
2919 5223 3138 5278 deliciis
3162 5230 3217 5275 et
3244 5224 3427 5290 quiete
3456 5220 3551 5274 de-

1969 5325 2166 5393 gebant
2189 5339 2202 5376 :
2226 5337 2363 5391 quos
2395 5321 2527 5374 dicit
2557 5319 2741 5372 crucis
2777 5316 3070 5377 inimicos;
3105 5329 3230 5366 nam
3262 5314 3546 5366 contrario

1971 5419 2132 5471 modo
2165 5417 2231 5469 ad
2287 5416 2458 5479 illam,
2508 5415 2704 5482 inquit,
2737 5419 3064 5478 operantur,
3103 5409 3219 5475 ipsa
3278 5407 3552 5472 siquidem

1979 5521 2305 5576 generosum
2357 5503 2589 5571 requirit
2631 5501 2895 5560 animum,
2926 5498 3016 5566 qui
3051 5510 3108 5548 sc
3163 5493 3424 5562 periculis
3460 5506 3554 5544 ex-

1978 5608 2164 5669 ponat,
2203 5606 2254 5650 et
2284 5597 2565 5666 proprium
2601 5593 2849 5645 imitetur
2889 5589 3178 5642 lloniinntn
3216 5600 3228 5640 :
3263 5585 3316 5638 hi
3362 5593 3547 5636 autem

1979 5691 2152 5742 ventri
2205 5691 2477 5742 serviunt.
2541 5703 2557 5736 ι
2613 5685 2864 5749 Quorum
2919 5681 3045 5734 linis
3097 5677 3332 5749 perditio
3379 5682 3486 5730 est.
3525 5693 3546 5726 ι

1976 5782 2142 5835 Recte
2201 5783 2361 5834 linetn
2415 5778 2552 5831 dixit
2583 5775 2967 5846 perditionem,
2999 5772 3044 5826 si
3079 5771 3144 5824 ad
3188 5769 3348 5823 ﬁnem
3377 5782 3551 5836 usque

1973 5877 2112 5931 tales
2148 5872 2554 5945 permanserint
2591 5887 2603 5923 :
2637 5878 2756 5924 erat
2783 5866 2932 5924 enim
2961 5862 3264 5922 verisimile
3292 5875 3386 5920 eos
3409 5875 3546 5932 qua-
