4216 6450
276 435 414 500 1313

1308 438 1697 502 COMMENT.
1743 439 1820 499 ΙΝ
1857 437 2100 499 EPIST.
2122 439 2221 498 AD
2259 438 2544 498 PHILIP-

3403 433 3543 501 13M

265 547 401 606 Εἶτα
435 547 612 612 θέλεις
643 547 738 601 καὶ
773 547 966 619 ἐτέραν
1022 547 1299 618 ἀπὸδειξιν
1323 569 1337 618 ;
1365 551 1632 618 ὑποτάξαι
1674 549 1844 618 ἐαυτᾷ

1960 557 2049 619 get
2072 549 2204 615 quin
2235 549 2462 602 omnino
2509 547 2562 601 id
2592 545 2737 601 erit?
2766 543 2975 602 Deinde
3031 543 3117 601 vis
3151 551 3207 601 et
3248 545 3408 600 aliam
3441 546 3540 600 de-

266 645 519 715 Bo-J'Astat
562 643 763 696 πάντα.

342 843 360 873 s
399 824 488 874 Δεῖ
521 822 629 891 γὰρ
665 821 849 888 αὑτὸν,
885 820 1039 890 φησὶ,
1080 819 1387 890 βασιλεύειν
1418 820 1578 891 ἄχρις
1612 819 1678 872 ἂν
1711 821 1848 871 ὑπο-

261 918 403 984 ταγῇ
450 914 601 982 αὐτῷ
642 914 708 967 τὰ
750 917 949 966 πάντα.
999 931 1016 964 ι
1069 913 1208 964 Καίο
1255 911 1466 963 ι”Οταν
1503 911 1560 964 δὲ
1601 911 1846 979 ὑποταγῇ

262 1009 413 1075 αὑτῴ
438 1005 508 1059 τὰ
536 1006 736 1058 πάντα.
765 1022 784 1056 t
812 1004 874 1056 El
907 999 1000 1057 οὖν
1024 1003 1184 1064 αὐτὸς
1211 1002 1240 1054 6
1272 1002 1402 1065 Υἱὸς
1436 1001 1734 1070 βασιλεύει,
1761 1002 1850 1053 ἵνα

261 1099 508 1168 ὑποτάξῃ
554 1096 703 1167 αὑτῷ
739 1097 808 1149 τὰ
847 1097 1042 1160 πάντα,
1085 1095 1177 1147 καὶ
1224 1095 1402 1148 πάντα
1444 1094 1846 1162 ὑποταγήσεται

256 1189 408 1261 αὑτῷ
453 1191 689 1255 πάντως,
727 1187 972 1258 δηλονότι
1017 1187 1112 1240 καὶ
1145 1186 1206 1238 τὸ
1250 1184 1410 1254 σῶμα
1447 1184 1544 1252 τῆς
1577 1182 1848 1236 ταπεινώ-

259 1301 399 1345 σεως
431 1282 585 1352 ἡμῶν
615 1281 792 1348 άνπερ
828 1279 987 1350 μόνον
1015 1280 1176 1350 ἡμεῖς
1207 1277 1543 1348 θελήσωμεν,
1572 1276 1844 1345 ὑποταγή-

259 1391 414 1427 σεται
451 1371 620 1442 αὑτῷ.
662 1371 1060 1424 ’Υποτάσσεται
1095 1368 1184 1432 δὲ,
1221 1369 1307 1421 ὃτε
1351 1367 1516 1438 μηδὲν
1550 1365 1848 1427 στασιῶδες

257 1468 354 1519 καὶ
392 1467 649 1534 πολέμιον
686 1464 818 1534 πρὸς
853 1462 943 1514 τὸν
979 1461 1326 1524 ὑποτάξαντα
1360 1463 1417 1513 ἐν
1450 1460 1631 1530 ἐαυτῷ
1666 1461 1841 1530 φέρει,

257 1558 396 1612 ἀλλὰ
426 1558 604 1610 πάντα
629 1555 898 1624 σύμφωνα
924 1553 1018 1606 καὶ
1044 1552 1361 1624 συνᾴδοντα,
1387 1551 1444 1604 ἓν
1467 1569 1525 1604 τε
1547 1551 1729 1605 πίστει
1753 1551 1847 1603 καὶ

258 1653 319 1704 ἐν
358 1650 620 1720 πολιτείᾳ.
646 1648 817 1702 Ὅταν
851 1648 908 1700 δέ
929 1645 1100 1709 οὑτως
1123 1647 1368 1714 ὑποταγῇ
1408 1645 1556 1714 αὑτῷ
1590 1645 1650 1698 τὸ
1689 1644 1847 1714 σῶμα

255 1743 357 1810 τῆς
387 1740 773 1804 ταπεινώσεως
809 1739 986 1809 ἡμῶν,
1025 1738 1567 1808 μετασχηματίζεται
1601 1737 1843 1807 δηλονότι

255 1836 367 1887 ἀπὸ
408 1836 506 1903 τῆς
545 1831 931 1894 ταπεινώσεως
969 1832 1068 1899 τῆς
1114 1831 1256 1883 κατὰ
1297 1832 1396 1900 τὴν
1433 1830 1710 1900 ἁμαρτίαν
1753 1830 1846 1882 καὶ

1957 639 2448 694 monstrationem?
2545 639 2701 709 103
2773 638 3061 708 Subjicere
3128 637 3244 691 vult
3323 637 3540 707 sibiipsl

1955 744 2160 787 Ollllllll.

2033 841 2050 872 ι
2086 823 2221 875 Nam
2250 830 2490 892 oportet,
2538 824 2635 886 ait,
2681 822 2832 876 illum
2869 836 3100 891 regnare
3130 820 3309 875 donec
3358 821 3540 890 subji-

1954 914 2172 968 ciantur
2196 915 2295 982 ipsi
2326 914 2509 968 omnia
2544 915 2612 966 ".
2654 931 2673 964 ι
2719 913 2787 966 Et
2819 930 2832 966 :
2873 932 2891 965 ι
2935 912 3070 968 Cum
3090 923 3272 968 autem
3295 913 3540 977 subiecta

1957 1004 2160 1059 inierint
2187 1006 2289 1073 ipsi
2331 1007 2516 1059 omnia
2546 1006 2615 1059 ".
2654 1025 2673 1056 ι
2710 1004 2766 1057 Si
2799 1005 2964 1074 igitur
2994 1013 3185 1075 regnat
3220 1005 3340 1072 ipse
3368 1002 3541 1058 Filius

1953 1099 2130 1152 donec
2161 1097 2528 1165 subjiciaulur
2565 1099 2668 1166 ipsi
2718 1098 2926 1159 omnia,
2987 1107 3041 1152 et
3095 1097 3320 1152 omnino
3366 1096 3541 1165 subji-

1954 1188 2174 1241 cientur
2202 1187 2305 1256 ipsi
2360 1189 2567 1247 omnia,
2618 1189 2973 1243 manifestum
3023 1197 3110 1243 est
3165 1187 3312 1258 quod
3371 1187 3537 1242 etiam

1953 1295 2156 1349 corpus
2211 1289 2463 1335 nostrum
2527 1280 2799 1348 abiectum
2845 1281 2912 1350 (si
2961 1283 3124 1334 modo
3179 1279 3538 1348 voluerimus)

1953 1369 2221 1424 subdetur
2250 1369 2376 1440 ipsi.
2411 1367 2680 1423 Subditur
2710 1379 2888 1423 autem
2943 1384 3068 1424 cum
3116 1368 3254 1423 nihil
3303 1368 3542 1423 seditio-

1954 1476 2074 1514 sum
2117 1469 2172 1513 et
2206 1462 2406 1514 hostile
2457 1460 2511 1513 in
2549 1461 2732 1529 seipso
2783 1467 2964 1529 gestat
3021 1470 3075 1515 et
3111 1460 3378 1514 adversus
3411 1471 3539 1511 eum

1953 1552 2046 1620 qui
2080 1551 2318 1619 subjecit
2352 1552 2556 1620 ipsum,
2592 1552 2687 1606 sed
2725 1566 2972 1606 consona
3001 1554 3187 1606 omnia
3214 1559 3268 1606 et
3312 1549 3542 1605 confor-

1955 1644 2063 1696 mia
2091 1652 2200 1695 tam
2237 1643 2289 1696 in
2327 1642 2430 1698 ηδε
2473 1659 2636 1712 quam
2688 1645 2742 1697 in
2794 1645 3236 1697 conversatione.
3303 1641 3540 1709 Quando

1953 1746 2138 1791 autem
2171 1737 2245 1788 ita
2276 1736 2555 1790 subditum
2583 1735 2818 1791 l‘ueritei
2857 1751 3062 1804 corpus
3095 1746 3343 1789 nostrum
3389 1732 3542 1802 abie-

1953 1837 2126 1893 ctum,
2161 1827 2646 1898 transﬁgurabitur
2673 1844 2807 1883 sane
2858 1844 2888 1883 a
2937 1829 3249 1897 dejectione
3282 1827 3399 1882 sive
3436 1825 3537 1880 de-

257 1926 357 1993 τὴν
389 1923 620 1993 φθορὰν,
656 1923 748 1975 καὶ
783 1921 994 1988 γίνεται
1031 1921 1356 1990 σύμμορφον
1389 1919 1467 1990 τῷ
1503 1920 1716 1991 σώματι
1747 1921 1844 1988 τῆς

1955 1920 2238 1989 pressione
2270 1935 2390 1988 qme
2419 1928 2502 1973 est
2543 1935 2607 1974 ex
2660 1928 2888 1990 peccato
2947 1927 3002 1972 et
3055 1919 3433 1987 corruptione,
3486 1927 3542 1972 et

253 2017 418 2085 δόξης
452 2015 638 2071 αὑτοῦ.
675 2016 918 2078 Μάταιος
952 2017 980 2068 ὁ
1014 2015 1198 2084 φόϐος.
1231 2015 1306 2067 Οὑ
1339 2015 1422 2067 δεῖ
1452 2014 1507 2066 δὲ
1543 2014 1726 2082 λέγειν
1762 2015 1842 2067 ὅτι

257 2108 336 2179 τῷ
370 2107 580 2178 σώματι
604 2105 697 2160 τοῦ
729 2105 854 2160 Υἰοῦ
904 2109 931 2160 6
961 2108 1085 2169 Υἱὸς
1118 2107 1376 2170 ὑποτάξει
1399 2109 1466 2162 τὰ
1499 2108 1697 2172 πάντα,
1727 2106 1841 2158 ἀλλ’

254 2203 338 2252 ὅτι
369 2201 531 2263 αὑτὸς
559 2199 758 2270 ἐαυτῷ,
787 2201 813 2252 6
839 2199 1038 2252 εἰπών·
1073 2220 1090 2251 ι
1113 2199 1298 2270 Ἐδόθη
1331 2218 1420 2269 μοι
1451 2202 1600 2254 πᾶσα
1627 2199 1842 2266 ἐξουσία

255 2294 318 2344 ἐν
347 2293 564 2363 οὐρανῷ
595 2292 690 2344 καὶ
723 2291 817 2345 ἐπὶ
845 2293 967 2360 γῆς.
1011 2311 1027 2342 ι
1062 2293 1148 2355 Ὦς
1180 2295 1274 2344 καὶ
1303 2293 1332 2345 6
1366 2291 1578 2354 Παῦλος
1609 2291 1844 2360 ἀλλαχοῦ

256 2400 416 2454 φησιο
449 2402 469 2435 ‹
499 2386 592 2436 As!
615 2384 721 2454 γὰρ
749 2384 912 2436 αὑτὸν
938 2383 1243 2452 βασιλεύειν
1268 2384 1427 2454 ἄχρις
1452 2381 1511 2438 οῦ
1539 2385 1602 2454 θῇ
1634 2385 1845 2446 πάντας

254 2476 384 2537 τοὺς
422 2473 648 2544 ἐχθροὺς
687 2473 852 2527 αὑτοῦ
892 2474 996 2525 ὑπὸ
1028 2477 1155 2536 τοὺς
1197 2474 1363 2536 πόδας
1399 2474 1587 2529 αὑτοῦ.
1634 2492 1652 2526 ι
1695 2475 1839 2527 Καί·

261 2585 278 2615 ι
303 2565 475 2617 Ὅταν
499 2565 554 2617 δὲ
586 2565 833 2634 ὑποταγῇ
867 2565 1014 2634 αὑτῷ
1039 2566 1109 2618 τὰ
1136 2565 1331 2618 πάντα.
1364 2584 1382 2618 s
1415 2565 1538 2618 Τῶν
1561 2563 1656 2620 οὖν
1682 2567 1842 2619 θείων

254 2657 454 2724 λογίων
487 2657 702 2726 τρανῶς
737 2655 907 2709 ταῦτα
949 2657 1248 2723 λεγόντων,
1285 2658 1400 2720 πῶς
1443 2660 1504 2710 οὑ
1547 2659 1628 2710 δεῖ
1665 2660 1844 2727 λέγειν

253 2751 338 2801 ὅτι
369 2751 396 2800 ὀ
427 2749 630 2818 Κύριος
662 2749 820 2818 ήμῶν
850 2749 944 2801 καὶ
974 2749 1166 2818 Σωτὴρ
1198 2748 1406 2818 Ἰησοῦς
1433 2751 1461 2801 6
1487 2749 1722 2816 Χριστὸς
1750 2750 1847 2801 αὑ-

254 2842 347 2904 τὸς
370 2844 516 2894 ἐστιν
536 2845 563 2895 6
595 2845 688 2896 καὶ
714 2843 775 2894 τὸ
795 2841 956 2912 σῶμα
983 2847 1082 2913 τῆς
1101 2845 1483 2907 ταπεινώσεως
1503 2844 1658 2914 ήμῶν
1678 2861 1844 2912 μετα-

259 2931 638 3002 σχηματίζων,
678 2934 772 2984 acati.
812 2935 839 2984 6
865 2932 1106 3002 ἐνεργῶν
1147 2935 1246 3004 τὴν
1283 2937 1362 2996 είς
1389 2935 1551 2988 αὑτὸν
1575 2933 1684 2986 τῶν
1708 2934 1845 2986 πάνυ

256 3040 368 3076 των
414 3023 722 3092 ὑποταγήν;
769 3021 862 3075 τοῦ
915 3022 971 3075 δὲ
1024 3024 1156 3077 Υἰοῠ
1207 3026 1627 3091 ὑποτάσσοντος,
1677 3027 1770 3078 καὶ
1818 3026 1846 3078 6

261 3113 452 3184 Πατὴρ
476 3114 794 3167 ὑποτάσσει.
815 3114 984 3166 Κοινὰ
1008 3114 1116 3185 γὰρ
1131 3115 1198 3168 τὰ
1221 3116 1312 3168 τοῦ
1339 3117 1552 3187 Πατρὸς
1575 3118 1665 3169 καὶ
1690 3115 1839 3170 Υίοῦ.

1952 2012 2217 2068 ρίῐὶυὶοιιιν
2245 2010 2529 2066 cont‘orme
2565 2011 2782 2082 corpori
2835 2011 3074 2080 glorioso
3107 2008 3302 2077 ipsius.
3352 2007 3540 2062 Vanus

1952 2106 2137 2175 itaque
2165 2115 2248 2158 est
2282 2104 2466 2157 timor.
2499 2103 2618 2156 Non
2670 2111 2887 2172 oportet
2942 2111 3123 2155 autem
3170 2100 3354 2155 dicere
3392 2098 3538 2167 quod

1950 2197 2166 2268 corpori
2206 2195 2323 2251 Filii
2361 2196 2535 2251 Filius
2565 2195 2819 2264 subiiciet
2850 2194 3055 2260 omnia,
3114 2191 3208 2248 sed
3235 2190 3380 2261 quod
3425 2191 3544 2260 ipso

1951 2288 2189 2357 sibiipsi.
2227 2289 2318 2357 qui
2352 2287 2494 2340 dixit
2528 2305 2540 2340 :
2579 2306 2595 2337 ι
2626 2285 2757 2339 Data
2785 2297 2868 2341 est
2903 2285 3036 2338 mihi
3088 2285 3273 2337 omnis
3299 2293 3542 2353 potestas

1950 2381 2004 2435 in
2029 2381 2171 2434 cmlo
2204 2390 2256 2433 et
2292 2381 2342 2433 in
2373 2388 2519 2433 terra
2555 2380 2640 2442 ’νς
2681 2396 2698 2427 ι
2735 2376 3212 2443 Quemadmodum
3248 2385 3303 2430 et
3333 2374 3540 2428 l’aulus

1948 2470 2077 2523 alibi
2119 2471 2194 2522 ait
2225 2488 2236 2522 :
2288 2488 2304 2519 ε
2339 2468 2472 2522 Nam
2506 2475 2722 2536 oportet
2770 2469 2923 2521 illum
2958 2482 3186 2538 regnare
3211 2469 3389 2521 donec
3435 2480 3537 2533 po-

1950 2561 2121 2616 suerit
2164 2577 2357 2615 omnes
2395 2561 2648 2615 inimicos
2696 2573 2826 2614 suos
2885 2558 2988 2613 sub
3035 2558 3203 2626 pedes
3243 2572 3374 2613 suos
3401 2556 3472 2609 ³⁸.
3514 2573 3534 2607 ι

1949 2653 2012 2707 Ει
2044 2671 2057 2707 :
2097 2672 2114 2704 ι
2157 2654 2292 2707 Cum
2326 2665 2506 2706 autem
2539 2651 2791 2720 subjecta
2827 2649 3033 2704 fuerint
3066 2650 3170 2718 ipsi
3193 2648 3380 2702 omnia
3419 2647 3485 2701 “.
3515 2665 3535 2698 ι

1949 2745 2086 2799 Cum
2147 2759 2274 2814 ergo
2346 2743 2530 2797 divina
2561 2743 2782 2797 oracula
2819 2749 3005 2810 aperte
3041 2740 3144 2796 iSIa
3192 2741 3404 2804 dicant,
3442 2753 3540 2794 an-

1949 2853 2055 2890 non
2090 2846 2306 2906 oportet
2336 2837 2518 2890 dicere
2549 2835 2697 2905 quod
2744 2833 3010 2887 Dominus
3043 2848 3105 2886 ac
3142 2831 3396 2886 Salvator
3449 2846 3543 2886 uo-

1949 2937 2060 2983 ster
2092 2929 2254 2983 Jcsits
2287 2929 2547 2983 Christus
2586 2929 2699 2995 ipse
2737 2926 2932 2994 estqui
2967 2933 3021 2980 et
3046 2939 3248 2994 corpus
3277 2931 3532 2979 nostrum

1951 3018 2226 3086 abiectum
2262 3017 2644 3086 transﬁgurat,
2675 3027 2728 3071 et
2749 3014 2921 3070 eﬂicit
2948 3014 3192 3067 omnium
3224 3013 3290 3068 ad
3319 3028 3377 3067 se
3408 3012 3542 3067 sub-

1944 3109 2236 3182 jectiouem
2267 3107 2290 3160 ?
2321 3106 2454 3159 Dum
2484 3113 2666 3160 autem
2701 3103 2878 3160 Filius
2910 3103 3155 3172 subjicit,
3212 3102 3370 3156 Pater
3401 3117 3540 3171 quo.

261 3207 452 3260 (Κατὰ
485 3208 585 3277 τὴν
619 3207 914 3278 ἐνέργειαν.
931 3227 949 3260 s
992 3208 1122 3262 Εἶτα
1148 3210 1352 3274 λοιπὸν,
1373 3212 1468 3262 καὶ
1485 3209 1744 3280 λογισμὸν
1763 3209 1844 3261 δί-

1953 3213 2060 3268 que
2107 3197 2333 3265 subiicit
2368 3195 2726 3251 :communia
2789 3195 2937 3251 enim
2991 3201 3120 3249 sunt
3179 3209 3303 3264 quae
3361 3193 3539 3250 Patris

2061 3297 2074 3305 .
2111 3294 2144 3305 ,.
2423 3286 2732 3305 ,μμ
3128 3303 3140 3305 _
3187 3284 3385 3305 ..,,,,,
3417 3299 3509 3305 -__

256 3302 392 3354 δωσι
416 3299 509 3353 τοῦ
536 3301 680 3353 οὕτω
708 3301 1018 3370 παραδόξου
1048 3302 1394 3372 πράγματος.
1418 3304 1575 3354 Ἔστι
1602 3302 1709 3373 γὰρ
1740 3319 1845 3353 πα-

263 3392 508 3462 ράδοξον,
539 3393 600 3444 τὺ
629 3391 877 3460 γίνεσθαι
913 3392 1241 3462 σύμμορφον
1265 3393 1326 3444 τὸ
1358 3393 1514 3460 ἡμῶν
1543 3393 1720 3460 σῶμα,
1751 3391 1844 3444 τοῦ

259 3483 408 3537 θείου
435 3484 644 3537 ἐκείνου
674 3483 947 3554 σώματος.
974 3483 1142 3536 Τοῦτο
1169 3485 1297 3552 γὰρ,
1325 3483 1513 3554 φησὶν,
1541 3486 1568 3535 6
1591 3485 1723 3546 Θεὸς
1751 3484 1845 3535 καὶ

261 3577 455 3643 Πατὴρ
497 3572 736 3645 ποιήσει,
774 3573 883 3625 ἀπδ
917 3576 1014 3642 τῆς
1059 3575 1357 3642 ἐνεργείας,
1394 3575 1663 3635 τουτέστι,
1703 3573 1844 3625 κατὰ

257 3667 361 3736 τὴν
399 3667 682 3735 ἐνέργειαν
719 3665 955 3734 ἐκείνην,
993 3664 1052 3728 ἐξ
1094 3660 1158 3733 ἧς
1205 3664 1427 3716 δύναται
1477 3665 1569 3716 καὶ
1617 3664 1842 3734 ἐδυνήθη

261 3755 532 3821 ὑποτάξαι
560 3755 637 3823 τῷ
671 3753 783 3824 Υἱῷ
815 3753 978 3806 αὑτοῦ
1009 3755 1077 3805 τὰ
1108 3753 1302 3807 πάντα.
1331 3753 1657 3824 Τοιγαροῦν,
1690 3757 1843 3824 φησὶ,

259 3845 586 3898 δουλώσεται
618 3846 812 3912 αὐτὴν,
843 3845 922 3906 εἰς
950 3844 1010 3895 τὸ
1040 3847 1119 3906 εἰς
1150 3845 1463 3913 ἀφθαρσίαν
1494 3847 1840 3913 μεταϐαλεῖν.

264 3944 412 4014 Ὅρα
438 3942 494 3994 δὲ
522 3941 693 4010 πόσην
717 3936 857 3993 οἶδεν
881 3940 1343 4010 ὁμογνωμοσύνην
1371 3941 1464 4008 τῆς
1489 3941 1651 4008 ἁγίας
1679 3941 1847 4009 Τριά-

262 4035 373 4098 δος,
411 4035 492 4086 ὅτι
533 4033 646 4086 ἅνω
677 4033 770 4084 τὸν
805 4031 932 4084 Υιδν
967 4032 1301 4102 ὑποθέμενος
1334 4032 1433 4103 τὴν
1468 4032 1708 4102 ἀλλαγὴν
1749 4032 1843 4085 τοῦ

274 4129 524 4197 σώματος
577 4128 732 4198 ἡμῶν
781 4128 1077 4192 ποιεῖσθαι,
1131 4127 1226 4180 νῦν
1275 4130 1368 4180 τὸν
1421 4129 1644 4198 Πατέρα
1688 4128 1845 4180 τοῦτο

264 4224 453 4285 ποιεῖνί
484 4221 654 4286 λέγει.
683 4219 827 4288 Ἀρα
879 4219 943 4285 δὴ
977 4221 1071 4272 ἐὰν
1101 4219 1244 4272 οὑτω
1275 4225 1579 4291 νοήσωμεν,
1617 4222 1689 4290 μὴ
1723 4222 1842 4273 τολο

269 4313 444 4384 μηρόν
470 4313 617 4364 ἐστιν
644 4312 726 4364 ὅτι
755 4314 782 4363 6
811 4311 940 4373 Υἱὸς
964 4310 1122 4363 τοῦτο
1152 4312 1366 4380 ποιήσει
1399 4314 1538 4364 κατὰ
1564 4312 1660 4381 τὴν
1687 4311 1846 4365 δύνα-

267 4424 364 4475 μιν
391 4405 558 4458 αὑτοῦ
593 4405 834 4474 ἐκείνην,
865 4406 922 4456 ὲν
1019 4403 1252 4468 ὑπέταξε
1283 4404 1360 4474 τῷ
1392 4405 1506 4470 ἰδίῳ
1537 4405 1747 4474 σώματι
1777 4405 1846 4457 τὰ

264 4493 478 4558 πάντα;
527 4492 667 4546 Ἀλλ’
695 4493 744 4544 εἰ
783 4491 926 4544 οὕτω
958 4493 1244 4562 νοήσομεν,
1263 4492 1381 4556 δέος
1416 4496 1535 4547 ἐστὶ
1572 4497 1647 4564 μὴ
1677 4495 1841 4561 δόξω-

1951 3294 2152 3342 suntct
2183 3287 2326 3341 Filii.
2364 3305 2384 3338 ι
2423 3286 2737 3342 Secundum
2771 3286 3090 3340 ellicaciain.
3127 3303 3146 3335 ι
3187 3284 3390 3338 Deinde
3411 3299 3542 3338 con-

1952 3391 2252 3454 sequenter
2283 3383 2377 3435 dat
2400 3383 2564 3435 etiam
2610 3380 3116 3434 considerationem
3153 3379 3230 3432 rei
3257 3377 3394 3432 adeo
3441 3377 3538 3430 atl-

1949 3474 2238 3528 mirandze.
2289 3473 2384 3528 Est
2408 3473 2554 3527 enim
2583 3473 2704 3524 adn:
2738 3471 2967 3525 "alltltllll
3011 3471 3160 3538 quod
3197 3484 3404 3538 corpus
3434 3461 3538 3520 no-

1952 3577 2126 3620 strum
2159 3565 2445 3619 conforme
2487 3562 2579 3616 liat
2604 3562 2794 3616 divino
2827 3561 2904 3614 illi
2931 3561 3175 3628 corpori.
3227 3558 3361 3612 Nam
3407 3559 3536 3624 hoc,

1952 3659 2149 3726 inquit,
2195 3656 2337 3708 Deus
2375 3663 2429 3708 et
2473 3654 2636 3706 Pater
2686 3652 2849 3705 faciet
2892 3666 2955 3704 ex
3006 3650 3268 3715 cliicacia,
3297 3651 3400 3703 hoc
3427 3657 3535 3714 est,

1951 3748 2256 3803 secumlum
2285 3745 2430 3798 illam
2457 3743 2758 3796 efﬁcaciam
2787 3757 2891 3810 qua
2927 3748 3104 3809 potest
3132 3749 3185 3793 et
3217 3748 3411 3808 potens
3433 3737 3537 3794 fuit

1951 3841 2226 3902 subiicere
2270 3837 2408 3891 Filio
2461 3849 2562 3890 suo
2587 3835 2789 3888 omnia.
2845 3833 3031 3900 Itaque
3071 3831 3286 3895 subdct,
3338 3830 3534 3898 inquit,

1954 3934 2132 4003 ipsmn
2171 3938 2418 3984 nostram
2454 3927 2818 3996 abjectiouem
2853 3933 2913 3977 ut
2945 3924 2998 3976 in
3037 3919 3533 3990 incorruptibilita—

1955 4035 2062 4079 tcm
2120 4030 2547 4077 transmutetur.
2607 4017 2998 4072 Animadverte
3033 4023 3215 4068 autem
3274 4023 3536 4082 quantum

1954 4115 2105 4168 novit
2138 4129 2264 4168 esse
2300 4122 2502 4164 sancta:
2535 4109 2828 4162 Trinitatis
2873 4105 3319 4158 contorruitatem
3353 4121 3367 4156 :
3406 4116 3535 4155 cum

1951 4205 2304 4277 praemisisset
2336 4200 2535 4255 Filium
2567 4198 2778 4253 ellicere
2811 4197 3061 4264 corporis
3086 4194 3256 4246 nostri
3286 4192 3539 4245 mutatio-

1952 4314 2100 4356 nem,
2139 4309 2286 4350 nunc
2327 4293 2553 4347 Patrem
2586 4293 2688 4344 hoc
2725 4290 2905 4343 facere
2932 4286 3086 4340 dicit.
3127 4282 3322 4340 Utrum
3356 4291 3536 4336 autem

1951 4395 2453 4458 praasumptuosum
2489 4382 2592 4436 erit
2627 4381 2671 4434 si
2703 4381 2776 4432 ita
2815 4378 3188 4444 intelligamus
3226 4393 3241 4428 :
3271 4373 3416 4444 quod
3446 4370 3539 4426 Fi-

1951 4481 2054 4533 lius
2099 4478 2204 4532 hoc
2233 4477 2482 4530 facturus
2512 4480 2598 4527 est
2619 4471 2922 4527 secundum
2957 4469 3105 4522 illam
3156 4480 3311 4520 suam
3343 4472 3540 4534 poten-

269 4603 370 4656 μεν
401 4551 628 4656 διαιρεῖν
662 4587 801 4654 μετὰ
832 4585 928 4653 τὴν
956 4551 1172 4648 ἓνώσιν,
1201 4551 1298 4655 τὴν
1332 4551 1461 4653 μίαν
1491 4551 1844 4658 σεσαρκωμέ-

1956 4573 2112 4631 tiam,
2138 4582 2247 4638 qua
2278 4564 2516 4632 subjecit
2549 4563 2774 4633 proprio
2802 4559 3022 4630 corpori
3053 4557 3332 4610 universa.
3377 4551 3540 4623 ιοῆ,

268 4695 365 4745 νην
391 4676 484 4730 τοῦ
517 4677 652 4730 Θεοῦ
685 4678 859 4747 Λόγου
892 4678 1075 4748 φύσιν.

875 4941 1130 4996 ΚΕΦΔΛ.
1158 4941 1250 5010 ς’.

343 5048 733 5117 Πηραινέσεις
767 5049 914 5104 ἴδιαί
941 5069 1121 5105 τινων
1150 5051 1249 5106 καὶ
1284 5052 1480 5106 κοιναὶ
1512 5054 1774 5109 πάντων.

344 5208 524 5261 Ὥστε
577 5207 835 5278 ἀδελφοί
861 5228 984 5278 μου
1017 5209 1312 5278 ἀγαπητοὶ
1345 5213 1442 5265 καὶ
1480 5212 1850 5280 ἐπιπόθητοι,

1961 4659 2186 4721 Verum,
2212 4658 2256 4711 si
2291 4657 2362 4710 ita
2395 4656 2789 4723 intelligamus,
2816 4649 3112 4704 verendum
3143 4653 3230 4702 est
3265 4661 3332 4700 ne
3359 4645 3541 4698 videa-

1957 4770 2078 4808 mur
2104 4761 2222 4821 po‘st
2253 4749 2515 4804 unionem
2548 4745 2796 4801 dividere
2820 4759 2981 4797 unam
3009 4741 3349 4794 incarnatam
3379 4734 3538 4791 Verbi

1961 4847 2048 4900 Dei
2083 4842 2353 4897 naturam.

2563 4931 2794 4986 CAPUT
2844 4929 2934 4983 Vl.

1957 5051 2197 5120 Propria:
2229 5049 2295 5103 nd
2325 5047 2580 5119 quosdam
2615 5045 3008 5098 exhortationes
3048 5051 3095 5094 et
3141 5052 3443 5093 communes
3468 5033 3538 5090 ad

2655 5131 2737 5168 om
2745 5130 2854 5166 1188.

2031 5210 2123 5276 IV,
2159 5212 2266 5264 1-5.
2301 5206 2550 5269 Proinde,
2579 5205 2772 5274 fratres
2793 5203 2894 5256 mei
2924 5201 3105 5254 dilecti
3143 5215 3206 5252 ac
3225 5194 3534 5258 desiderati,

268 5299 424 5367 χαρὰ
453 5301 551 5353 καί
581 5300 884 5368 στέφανός
907 5319 1046 5370 μου,
1073 5305 1259 5369 οὕτως
1285 5308 1540 5371 στήκετε
1565 5305 1635 5356 ἐν
1659 5307 1844 5372 Κυρίᾳ

1952 5306 2208 5376 gaudium
2238 5313 2284 5357 ct
2309 5318 2504 5355 corona
2539 5315 2676 5358 mea,
2710 5299 2785 5351 sic
2818 5307 2954 5347 state
2981 5297 3032 5345 in
3066 5290 3297 5344 Domino
3332 5285 3532 5340 dilecti.

269 5392 589 5458 ἀγαπητοί.
637 5392 1318 5462 Ε’ὺοδίιιν.παρακαλῶ,
1374 5396 1474 5448 καὶ
1533 5399 1853 5465 Συντύχην

269 5485 596 5550 παρακαλῶ
613 5485 676 5536 τὸ
689 5485 836 5538 αὐτὸ
851 5486 1098 5554 φρονεῖν
1119 5489 1188 5540 ἐν
1203 5490 1528 5557 κυρίῳΛάι
1546 5489 1739 5556 ἐρωτῶ
1754 5492 1848 5544 καὶ

272 5591 369 5637 σε,
399 5574 616 5645 σύζυγε
644 5576 878 5642 γνήσιε,
906 5579 1342 5648 συλλαμϐἁγου
1371 5581 1600 5646 αὑταῖς,
1628 5582 1850 5645 αἵτινες

269 5669 342 5718 ἐν
372 5667 448 5730 τῷ
480 5667 823 5738 Εὐαγγελίῳ
850 5670 1254 5738 συνήθλησάν
1275 5689 1378 5740 μοι
1404 5673 1554 5740 μετὰ
1584 5673 1850 5742 Κλήμεν-

1957 5403 2214 5456 Erodiam
2270 5403 2484 5452 obsecro
2541 5407 2590 5449 et
2647 5391 2946 5462 Syn'yclten
2986 5389 3204 5442 obsecro
3249 5396 3306 5438 ut
3355 5384 3535 5437 eodem

1955 5499 2109 5546 modo
2139 5491 2340 5558 a/fectw
2370 5490 2476 5540 sint
2503 5490 2555 5538 in
2577 5484 2823 5537 Domino.
2846 5480 2988 5535 Sane
3010 5495 3135 5547 rogo
3153 5486 3200 5530 et
3230 5486 3297 5536 te,
3323 5488 3539 5541 compar

1956 5598 2223 5654 germane,
2260 5580 2459 5647 adjnva
2486 5578 2606 5629 illas
2636 5590 2752 5645 qua:
2792 5575 2845 5626 in
2887 5569 3171 5639 Evangelia
3200 5569 3537 5621 decertarunt

1963 5690 2186 5739 mecum,
2239 5689 2348 5726 una
2401 5687 2520 5724 cum
2574 5669 2842 5722 Clemente
2903 5681 2966 5718 ac
3017 5663 3221 5719 ueteris
3281 5671 3536 5727 coopera-

344 5852 432 5906 ²⁷Ι
465 5851 592 5909 Cor.
626 5869 716 5923 xv,
757 5855 846 5910 27.
928 5858 972 5888 ’⁸
1007 5857 1118 5913 ibid
1166 5857 1257 5912 28.
1335 5858 1379 5890 ¹⁹
1411 5855 1606 5912 Matth.
1646 5873 1838 5924 xxvm,

1952 5856 1990 5912 Ι.
2069 5859 2113 5890 ³⁸
2157 5855 2336 5912 lCor.
2381 5871 2470 5922 xv,
2502 5851 2595 5908 25.
2674 5849 2715 5883 ⁸⁸
2741 5846 2878 5904 lbld.
2908 5843 2998 5899 28.
