4216 6450
276 457 407 523 I321

1259 449 1645 511 COMMENT.
1692 448 1767 507 ΙΝ
1822 448 2058 508 EPIST.
2097 447 2197 506 AD
2236 447 2517 506 l’HlLlP.

3376 437 3512 502 I322

272 593 443 646 γματι
472 573 782 642 σχολάζων;
822 569 962 637 ιΟὑχ
1004 570 1085 620 ὅτι
1128 566 1249 621 καθ’
1282 568 1573 637 ὑστέρησιν
1614 567 1779 633 λέγω.
1818 584 1835 615 ι
1873 566 1919 624 Α

1873 566 1919 624 Α
1945 580 2051 632 quo
2072 563 2403 633 gloriantur,
2435 558 2635 629 inquit,
2700 556 3054 611 inveniantur
3104 552 3248 608 sicut
3286 561 3341 608 et
3371 569 3471 623 ego
3502 573 3512 607 :

287 663 507 733 Ἐπειδὴ
560 663 739 732 ἠρέμα
799 659 1130 727 ἐπετίμησεν
1196 658 1381 716 αὐτοῖς
1434 658 1687 727 γράψας,
1740 657 1839 726 ἥδη

275 757 430 817 ποτὲ,
454 755 615 824 φησίν
651 771 661 782 ’
695 752 875 821 "Amp
908 746 1079 812 εἷπον,
1109 750 1167 801 οὐ
1202 748 1290 801 διὰ
1314 748 1471 801 τοῦτο
1495 745 1646 802 εἷπον
1678 750 1751 811 ὡς
1788 750 1844 799 ὲν

274 850 450 919 ἐνδείᾳ
494 848 589 908 ὢν,
640 845 773 898 ἀλλὰ
812 844 949 911 πρὸς
996 843 1055 895 τὸ
1103 843 1256 911 ὑμῶν
1312 842 1609 911 συμφέρον,
1657 842 1841 909 φησὶν,

275 939 451 1001 εἶπον,
485 940 570 991 ἴνα
622 939 699 1007 μὴ
737 938 976 1006 ἄκαρποι
1022 930 1151 1005 ἦτε,
1197 934 1340 1004 ἇπερ
1390 934 1539 986 κάτω
1584 934 1844 1000 λέγει,-

276 1031 478 1103 [ΦΩΤ.]
527 1027 690 1083 Εἶπον
735 1030 816 1081 ὅτι
851 1028 1055 1097 ἐχάρην
1100 1031 1157 1079 ὲν
1203 1026 1411 1096 Κυρίῳ,
1451 1024 1718 1092 μεγάλως,
1763 1026 1844 1077 ὅτι

276 1123 566 1177 ἀνεθάλετε
620 1123 680 1174 τὸ
734 1121 874 1190 ὑπὲρ
906 1119 1042 1187 tuo?»
1070 1121 1315 1187 φρονεῖν.
1378 1117 1541 1169 Ἀλλὰ
1580 1118 1654 1186 μὴ
1693 1117 1847 1185 νομί-

278 1233 432 1283 σητε,
458 1216 642 1283 φησὶν,
677 1213 853 1264 εἰπεῖν
899 1228 966 1280 με
997 1209 1178 1273 τοῦτο,
1210 1210 1296 1262 διὰ
1322 1210 1422 1280 τὴν
1451 1209 1744 1278 ὑστέρησιν
1779 1208 1846 1277 ἣν

276 1304 446 1378 εἶχον.
487 1305 630 1373 Ἐγὼ
653 1304 783 1375 γὰρ,
809 1304 993 1375 φησὶν,
1022 1304 1245 1372 ἔμαθον,
1268 1302 1363 1356 καὶ
1389 1301 1537 1370 ἑξῆς,
1566 1301 1845 1368 Γεγυμνα-

277 1399 495 1467 σμένος,
523 1398 709 1465 ςησὶν,
739 1394 857 1463 εἰμὶ
886 1396 944 1446 ἐν
974 1394 1132 1454 πᾶσι,
1173 1392 1268 1443 καὶ
1296 1392 1416 1443 οὐδὲ
1449 1389 1847 1458 ὑστερούμενος

276 1492 633 1561 δυσχεραίνω.
676 1487 912 1557 Ἐχάρην
954 1485 1010 1539 δὲ
1044 1487 1193 1555 ὅμως
1243 1487 1329 1554 ἐφ’
1363 1487 1512 1555 ὑμῖν,
1542 1486 1623 1538 ὅτι
1670 1485 1850 1547 καλῶς

276 1581 591 1647 ἐποιήσατε.
653 1578 955 1638 Κοινωνοὺς
987 1576 1094 1647 γὰρ
1135 1576 1363 1636 ἑαυτοὺς
1400 1576 1500 1644 τῆς
1548 1575 1689 1643 ἐμῆς
1735 1574 1849 1627 θλί-

274 1670 425 1736 ψεως
458 1670 811 1738 ποιήσαντες,
861 1667 958 1721 καὶ
986 1668 1095 1720 τῶν
1150 1666 1420 1738 βραϐείων
1466 1670 1845 1735 κοινωνήσετε.

276 1761 379 1813 Διὰ
428 1759 588 1812 τοῦτο
646 1758 851 1827 ἐχάρην
917 1757 1187 1826 μεγάλως.
1256 1755 1476 1824 Ἐπειδὴ
1530 1752 1719 1815 εἶπεν,
1768 1756 1849 1807 ὅτι

288 1850 523 1920 Ἐχάρην
573 1850 862 1919 μεγάλως.
921 1847 1056 1900 διότι
1114 1847 1271 1914 ὑμεῖς
1325 1846 1505 1907 καλῶς
1556 1847 1847 1910 ἐποιήσατε

282 1941 639 2007 συγκοινωνοὶ
666 1939 947 2006 γεγονότες
1002 1954 1104 2007 μου
1139 1937 1239 2003 τῆς
1274 1936 1527 2004 θλίψεως,
1575 1939 1847 2004 ἐπαναμι-

282 2034 520 2101 μνήσκει
551 2032 771 2095 αὐτοὺς,
813 2031 894 2083 ὅτι
938 2031 1033 2082 ἀπ’
1069 2029 1238 2099 ἀρχῆς
1282 2027 1486 2098 ταύτην
1523 2027 1701 2089 αὐτοῖς
1750 2028 1849 2096 τὴν

276 2124 437 2192 χάριν
469 2122 561 2173 καὶ
611 2122 709 2190 τὴν
757 2119 1081 2189 εὐεργεσίαν
1112 2116 1445 2181 κατετίθετο,
1479 2116 1540 2167 τὸ
1573 2115 1629 2179 ἐξ
1670 2114 1847 2167 αὐτῶν

279 2214 575 2283 λαμϐάνειν
608 2216 675 2265 τὰ
717 2214 853 2281 πρὸς
901 2214 997 2279 τὴν
1032 2208 1242 2279 χρείαν,
1293 2209 1385 2260 καὶ
1423 2209 1712 2269 κοινωνοὺς
1752 2207 1852 2256 αὑ-

280 2306 405 2367 τοὺς
428 2304 515 2356 διὰ
547 2302 738 2356 τούτου
774 2301 1213 2371 παρασκευάζειν
1237 2300 1328 2353 καὶ
1367 2298 1474 2351 τῶν
1514 2299 1599 2350 διὰ
1623 2298 1851 2366 Χριστὸν

283 2394 536 2463 θλίψεων,
571 2396 666 2447 καὶ
704 2394 809 2446 τῶν
854 2395 948 2444 ἐπὶ
991 2392 1200 2451 τούτοις
1252 2391 1521 2461 κειμένων
1557 2390 1849 2461 βραϐείων.

283 2485 375 2553 Μὴ
403 2484 510 2553 γὰρ
538 2484 819 2552 νομίσητε,
844 2482 1031 2551 φησὶν,
1059 2483 1139 2533 ὅτι
1186 2481 1278 2533 νῦν
1308 2480 1396 2532 διὰ
1440 2480 1499 2533 τὸ
1535 2480 1752 2549 μακράν
1785 2497 1849 2547 με

282 2573 558 2639 γενέσθαι,
597 2576 690 2625 καὶ
719 2575 776 2625 ὲν
821 2574 972 2643 τόπῳ
1004 2573 1062 2624 ἐν
1094 2566 1137 2638 ᾧ
1168 2572 1227 2624 τὸ
1275 2572 1342 2638 xi,
1356 2587 1540 2638 ρνγμα
1573 2570 1762 2639 ὥσπερ
1796 2572 1853 2621 ἐν

285 2664 413 2732 ὑμῖν
447 2666 545 2717 οὐκ
584 2664 891 2732 ἐπλατύνθη
937 2662 1059 2716 οὐδέ
1094 2664 1232 2715 εἰσιν
1286 2666 1332 2714 οἱ
1389 2661 1683 2733 προθύμως
1713 2660 1855 2714 οὕτω

281 2757 350 2808 τὶ
383 2756 517 2824 πρὸς
540 2758 731 2826 χρείαν
763 2759 1247 2826 ὲπιχορηγοῦντες,
1281 2754 1369 2807 διὰ
1399 2753 1555 2806 τοῦτο
1576 2754 1673 2821 τὴν
1698 2750 1853 2821 ὑμῶν

283 2848 549 2915 χορηγίαν
596 2849 945 2917 ἁπεδεξάμην
995 2850 1088 2903 καὶ
1132 2848 1343 2918 ἠξίωσα
1378 2847 1522 2916 ὑμᾶς
1564 2844 1855 2905 κοινωνοὺς

285 2938 380 2988 καὶ
418 2938 517 3006 τῆς
564 2938 795 3006 θλίψεως
836 2956 938 3008 μου
968 2942 1059 2991 καὶ
1092 2941 1192 3007 τῆς
1243 2938 1666 3009 μισθαποδοσίας
1698 2936 1852 3004 γενέ-

286 3025 433 3081 σθαι.

1948 655 2203 724 quoniam
2269 650 2576 721 accipiebat
2635 662 2744 700 non
2808 654 3018 699 tantum
3088 651 3310 714 propter
3360 658 3513 698 suam

1949 746 2329 799 necessitatem
2382 749 2647 813 quantum
2707 749 2928 809 propter
2985 752 3177 791 eorum
3222 735 3513 790 utilitatem

1946 837 2037 904 qui
2068 836 2403 905 pra-hebant.
2454 834 2605 888 Unde
2630 832 2775 886 enim
2816 830 2870 882 in
2918 828 3205 898 peregrina
3249 836 3395 882 terra
3448 826 3517 880 ali

1949 929 2236 997 potuisset,
2291 942 2414 980 cum
2459 942 2637 995 neque.
2674 924 2879 993 aliquid
2930 922 3302 989 importasset,
3342 933 3520 988 neque

1950 1020 2189 1075 manuali
2220 1021 2390 1088 operi,
2445 1020 2540 1075 sed
2579 1016 2957 1088 praedicationi
3018 1016 3285 1069 vacaret?
3329 1032 3349 1066 ι
3398 1012 3516 1069 Non

1950 1113 2269 1183 quodjuxta
2305 1113 2589 1177 penuriam
2621 1112 2835 1179 loquar.
2879 1127 2898 1161 ι
2928 1108 3201 1174 Quoniam
3226 1107 3520 1162 scribendo

1949 1206 2087 1259 clam
2143 1220 2239 1259 eos
2269 1203 2603 1275 objurgavit,
2659 1218 2765 1256 non
2819 1200 3036 1255 tandem
3082 1200 3187 1251 ait:
3221 1198 3352 1264 Quae
3383 1200 3518 1263 dixi,

1951 1314 2058 1351 non
2092 1307 2317 1367 propter
2375 1311 2437 1350 ea
2473 1295 2586 1349 dixi
2614 1293 2761 1363 quod
2790 1294 2843 1347 in
2877 1291 3108 1362 penuria
3159 1290 3284 1352 sim,
3327 1290 3420 1346 scd
3451 1291 3520 1344 ad

1950 1389 2435 1457 vestram,inquit.
2483 1388 2769 1441 utilitatem
2825 1385 3045 1439 locutus
3091 1398 3235 1445 sum,
3294 1398 3363 1437 ne
3402 1383 3522 1439 sine

1952 1479 2133 1534 fructu
2164 1481 2305 1542 sitis,
2340 1478 2505 1532 veluti
2540 1477 2767 1532 inferius
2816 1479 2977 1532 dixit.
3026 1477 3147 1532 Dixi
3193 1477 3338 1545 quod
3370 1477 3523 1546 gavi-

1953 1585 2048 1624 sus
2079 1571 2180 1623 sim
2208 1569 2261 1623 iu
2287 1568 2519 1623 Domino
2587 1583 2915 1639 magnopere
2970 1570 3114 1638 quod
3164 1569 3522 1624 reﬂorueritis

1954 1676 2006 1713 ut
2038 1674 2135 1728 pro
2168 1675 2254 1714 me
2276 1660 2495 1715 solliciti
2530 1660 2756 1715 essetis:
2788 1660 2880 1714 sed
2913 1675 2980 1713 ne
3016 1674 3121 1717 me.
3166 1660 3360 1726 inquit,
3396 1660 3510 1713 haec

1953 1751 2138 1805 dicere
2169 1753 2497 1807 existimetis
2534 1751 2680 1821 quod
2722 1752 2775 1804 in
2817 1752 3044 1821 penuria
3102 1749 3333 1805 fuerim:
3389 1750 3522 1805 Nam

1954 1856 2075 1910 ego,
2100 1842 2197 1903 ait,
2222 1842 2409 1904 didici,
2441 1852 2546 1895 etc.
2581 1842 2934 1895 Exercitatus
2963 1857 3082 1894 sum
3137 1842 3189 1894 in
3232 1842 3515 1897 clunibus:

1950 1938 2002 1981 et
2030 1943 2096 1982 ne
2122 1936 2363 1995 egestate
2394 1927 2615 1997 quidem
2642 1942 2869 1997 pressus
2900 1930 3121 1999 indigne
3154 1927 3296 1984 fero:
3336 1946 3523 1985 verum

1949 2020 2112 2072 etiam
2166 2018 2333 2072 vestri
2408 2035 2573 2074 causa
2623 2020 2843 2089 gavisus
2871 2037 2990 2073 sum
3024 2024 3167 2087 quod
3205 2030 3352 2076 recte
3386 2023 3528 2078 fece-

1954 2111 2074 2164 ritis
2104 2134 2113 2165 :
2148 2125 2273 2163 cum
2303 2111 2449 2165 enim
2490 2112 2794 2181 participes
2827 2126 2960 2166 meae
3001 2110 3312 2168 aﬂlietiunis
3353 2115 3528 2183 resip-

1958 2218 2049 2257 sos
2084 2204 2348 2267 feceritis,
2389 2205 2553 2259 etiam
2586 2206 2938 2273 prazmiorum
2976 2206 3272 2275 participes
3331 2207 3487 2262 eritis
3510 2225 3523 2239 ·

1956 2305 2009 2348 et
2043 2303 2332 2364 propterea
2388 2311 2715 2365 magnopere
2766 2296 2985 2366 gavisus
3040 2312 3182 2352 sum.
3224 2297 3525 2369 Postquam

1956 2386 2134 2439 dixit:
2198 2385 2433 2443 Gavisus
2493 2402 2614 2442 sum
2665 2402 2994 2457 magnopere
3042 2389 3188 2458 quod
3234 2406 3330 2444 vos
3381 2402 3529 2445 recte

1956 2475 2220 2542 feceritis,
2254 2477 2381 2531 facti
2408 2478 2706 2548 participes
2742 2494 2875 2533 meae
2913 2478 3247 2544 afﬂictionis,
3286 2483 3533 2551 suggerit

1956 2572 2100 2637 quod
2130 2572 2198 2623 ab
2218 2570 2447 2624 exordio
2489 2570 2629 2625 hanc
2681 2572 2912 2639 gratiam
2969 2581 3023 2625 et
3058 2572 3161 2627 hoc
3208 2574 3530 2629 beneficium

1957 2660 2023 2713 ad
2060 2660 2210 2729 ipsos
2242 2660 2508 2725 retulerit,
2566 2668 2626 2715 ut
2651 2662 2719 2714 ab
2756 2664 2838 2718 eis
2888 2666 3201 2719 necessaria
3234 2667 3532 2736 acciperet,

1956 2760 2010 2805 et
2033 2766 2128 2819 per
2154 2752 2259 2807 hoc
2278 2767 2377 2808 eos
2407 2767 2629 2823 quoque
2661 2755 2913 2809 redderet
2941 2757 3243 2825 participes
3278 2757 3530 2812 aIIlictio-

1953 2858 2083 2897 num
2116 2851 2341 2913 propter
2372 2845 2651 2900 Christum
2684 2845 3038 2909 indictarum,
3067 2856 3121 2902 et
3173 2849 3525 2918 praemiorum

1952 2952 2073 3006 quae
2094 2937 2180 2991 bis
2238 2949 2600 3005 reponuntur.
2637 2936 2715 2992 Ne
2753 2938 3104 3004 existimetis,
3156 2941 3354 3010 inquit.
3385 2940 3534 3010 quod

1951 3041 2060 3080 non
2091 3040 2158 3080 eo
2201 3026 2346 3095 quod
2376 3025 2533 3097 longe
2564 3025 2738 3080 absim
2761 3036 2813 3080 et
2839 3027 2891 3079 in
2925 3028 3045 3082 loco
3082 3029 3173 3082 ubi
3208 3030 3535 3098 praedicatio

284 3135 390 3173 non
423 3120 557 3173 adeo
597 3119 760 3173 dilata
787 3130 869 3175 est
891 3121 1036 3175 sicut
1066 3122 1207 3175 inter
1250 3136 1361 3182 ros,
1411 3137 1514 3176 nec
1569 3128 1696 3176 sunt
1750 3120 1842 3188 qui
1884 3130 2135 3188 prompto
2179 3120 2364 3172 animo
2400 3120 2709 3173 necessaria
2769 3118 3101 3183 ministrent,
3175 3120 3335 3191 109
3408 3136 3536 3192 pro-

286 3220 470 3281 pterea
505 3223 781 3281 sumptum
814 3228 841 3265 a
877 3215 1029 3266 vobis
1075 3216 1403 3283 acceperim,
1436 3222 1491 3267 (ι
1520 3214 1786 3267 voluerim
1847 3228 1941 3264 vos
1983 3211 2159 3265 facere
2179 3212 2475 3280 participes
2510 3226 2641 3265 mea:
2688 3209 3002 3267 aﬂlictionis
3039 3228 3102 3268 ac
3140 3217 3535 3272 remuneratio-

286 3304 393 3358 nis.

356 3396 466 3449 Καὶ
512 3395 621 3466 γὰρ
680 3397 774 3447 καὶ
838 3396 1005 3462 ἐγγὺς
1058 3397 1136 3447 ἔτι
1190 3396 1287 3455 ὦν,
1322 3400 1415 3448 καὶ
1446 3397 1670 3457 πολλοὺς
1704 3398 1913 3463 ἔχωιο
2009 3392 2021 3444 I

1870 3398 1913 3457 Ο
2009 3391 2219 3444 Etenim
2244 3405 2367 3441 cum
2385 3388 2564 3441 adhuc
2579 3401 2746 3456 prope
2767 3388 3284 3458 essem,multosque
3306 3391 3531 3445 habuis-

283 3486 443 3557 εἴπερ
484 3485 674 3557 ἤθελον
702 3488 827 3548 τοὺς
889 3488 1279 3556 χορηγοῦντας,
1331 3490 1473 3557 ὑμᾶς
1524 3490 1843 3556 προέκρινα..

286 3578 393 3630 Καὶ
424 3578 777 3646 ἐξερχόμενος
818 3577 923 3646 γὰρ
956 3578 1062 3629 ἀπὸ
1091 3578 1457 3641 Μακεδονίας,
1513 3580 1603 3632 καὶ
1625 3580 1678 3630 ἓν
1711 3580 1846 3631 θεσ-

287 3665 563 3739 σαλονίκῃ,
610 3667 752 3735 ὑμᾶς
806 3667 989 3735 ἠξίουν
1027 3669 1299 3738 χορηγοὺς
1351 3666 1489 3722 εἶναι
1537 3670 1636 3739 τῆς
1665 3670 1850 3739 χρείας

291 3774 419 3826 μου.
453 3756 546 3825 Μὴ
572 3756 829 3824 νομίσητε
860 3757 915 3807 δὲ
952 3755 1124 3808 ταῦτα
1158 3757 1338 3822 λέγειν
1380 3774 1446 3821 με
1480 3759 1572 3810 καὶ
1601 3758 1850 3825 ἐπαίρειν

288 3848 388 3919 τὴν
416 3846 615 3918 πρᾶξιν
658 3847 809 3916 ὑμῶν
843 3845 1068 3917 ταύτην,
1100 3846 1186 3899 ἵνα
1221 3847 1301 3899 ἔτι
1332 3850 1426 3900 καὶ
1453 3848 1529 3900 ἔτι
1555 3850 1849 3917 χορηγῆτε,

291 3941 384 3991 καὶ
434 3942 550 4001 ταῖς
578 3939 786 4007 χρείαις
840 3953 942 4007 μου
985 3938 1284 4007 ἑπαρκῆτε.
1318 3938 1586 3991 Τοσοῦτον
1613 3939 1720 4009 γὰρ
1747 3940 1850 3991 δέω

285 4031 375 4083 διὰ
390 4031 545 4083 τοῦτο
574 4032 745 4081 εἰπεῖν
771 4030 930 4090 αὐτὰ,
962 4029 1042 4082 ὅτι
1077 4030 1184 4083 ίδοὺ
1216 4030 1380 4094 λέγω,
1413 4030 1631 4100 Ἀπέχω
1655 4034 1850 4095 πάντα,

286 4120 407 4173 ἀντί
458 4118 551 4172 τοῦ
596 4118 973 4188 ’ἀπήλλαγμαι
1034 4122 1169 4188 πρὸς
1228 4121 1403 4173 πάντα
1450 4120 1517 4173 τὰ
1567 4120 1702 4188 πρὸς
1754 4124 1851 4191 τὴν

290 4212 501 4282 χρείαν,
544 4210 902 4279 ἀπήλλαγμαι
947 4210 1025 4276 δὲ,
1083 4206 1193 4263 οἷον
1255 4212 1353 4264 οὐκ
1404 4212 1485 4264 ἔτι
1514 4214 1701 4280 χρείαν
1742 4214 1851 4280 ἔχω

288 4303 511 4355 τούτων.
569 4298 702 4353 Εἶτα
754 4302 841 4353 ἵνα
904 4302 978 4370 μὴ
1031 4302 1251 4371 λυπήσῃ
1282 4301 1355 4363 ὡς
1386 4302 1653 4367 ἀπαξιῶν,
1689 4301 1847 4371 Οὐχὶ,

288 4396 471 4461 φησὶν,
510 4393 623 4446 ἀλλ’
657 4393 739 4446 ὃτι
773 4395 1102 4464 περισσεύω,
1154 4395 1248 4446 καὶ
1281 4393 1430 4461 ἑξῆς.
1484 4411 1502 4443 ι
1556 4392 1696 4461 Ἐγὼ
1745 4396 1851 4465 γὰρ

288 4483 492 4555 ἔμαθον
518 4486 575 4539 ὲν
602 4479 684 4546 οἷς
717 4486 857 4553 εἰμι.
909 4503 927 4536 ι
963 4485 1193 4554 Διδαχῆς
1222 4485 1329 4554 ἄρα
1363 4485 1424 4537 τὸ
1473 4487 1703 4554 πρᾶγμα
1762 4486 1853 4537 καὶ

289 4576 595 4646 ἀσκήσεως.
643 4573 707 4628 Τί
744 4576 800 4628 δὲ
853 4574 1077 4645 ἔμαθες,
1127 4567 1173 4627 ὧ
1226 4574 1346 4626 Θεία
1371 4573 1555 4644 ψυχῆς
1626 4574 1714 4626 Ἐν
1772 4570 1853 4637 οἷς

287 4668 425 4736 είμι.
463 4667 741 4731 Τουτέστι,
764 4668 876 4729 τοῖς
911 4664 1175 4736 παροῦσιν
1218 4665 1527 4735 ἀρκεῖσθαι,
1558 4666 1711 4734 φησὶ,
1760 4665 1854 4717 καὶ

1958 3497 2071 3537 sem
2112 3482 2156 3535 si
2191 3480 2443 3534 libuisset
2486 3479 2577 3547 qui
2614 3487 2894 3547 sumptum
2930 3480 3397 3548 suppeditassent,
3439 3498 3538 3537 vos

1959 3568 2229 3639 praeelegi.
2270 3567 2405 3620 Nam
2433 3573 2486 3620 et
2512 3581 2540 3619 a
2570 3564 2889 3619 Macedonia
2923 3580 3180 3635 egressus
3213 3579 3267 3621 et
3307 3582 3336 3620 τι
3364 3569 3406 3621 Τ
3414 3569 3538 3623 lies-

1960 3661 2227 3723 salonica,
2262 3674 2355 3712 \os
2388 3657 2582 3726 dignos
2613 3656 2744 3711 duxi
2780 3659 2873 3725 qui
2908 3660 3217 3711 necessaria
3250 3660 3378 3712 milii
3410 3676 3541 3730 sup-

1963 3752 2301 3823 peditaretis.
2337 3750 2413 3805 Ne
2442 3750 2769 3804 existimetis
2800 3758 2977 3803 autem
3005 3764 3091 3801 me
3122 3752 3236 3803 lucc
3260 3750 3461 3813 dicere,
3487 3762 3541 3805 et

1964 3848 2104 3900 Itane
2134 3854 2367 3900 vestram
2392 3843 2659 3897 actionem
2691 3842 2973 3907 extollere,
2999 3853 3058 3894 ut
3079 3842 3254 3911 magis
3278 3858 3342 3897 ac
3370 3845 3541 3913 magis

1960 3938 2345 4007 Sttpperlitetis,
2378 3937 2621 4003 meisque
2667 3934 3088 3988 necessitatibus
3140 3933 3354 3990 faciatis
3387 3935 3539 3990 satis.

1962 4028 2197 4084 Tantum
2225 4030 2379 4084 abest
2402 4070 2417 4095 ,
2444 4036 2503 4082 ut
2530 4033 2813 4097 propterea
2851 4027 2966 4081 haec
2994 4026 3173 4081 dicam
3200 4066 3213 4089 ,
3242 4026 3383 4096 quod
3417 4042 3543 4081 ecce

1966 4123 2144 4192 recepi
2172 4123 2376 4185 omnia,
2400 4121 2451 4176 id
2473 4129 2576 4186 est,
2597 4129 2884 4188 exemptus
2899 4134 3019 4173 sum
3045 4118 3191 4173 circa
3220 4120 3401 4173 omnia
3423 4135 3545 4189 qua:I

1966 4214 2344 4269 necessitatem
2376 4218 2712 4267 concernunt
2744 4228 2758 4264 :
2793 4218 3077 4279 exemptus
3113 4224 3257 4275 sum,
3292 4211 3539 4279 inquam.

1967 4307 2047 4358 Sit:
2078 4314 2134 4358 ιιι
2159 4304 2271 4371 jam
2296 4302 2382 4357 his
2403 4318 2512 4356 non
2545 4303 2839 4370 indigeam.
2870 4300 3073 4355 Deinde
3105 4316 3172 4354 ne
3192 4316 3427 4355 mmmre
3448 4315 3543 4355 eos

1967 4390 2164 4445 alliciat
2192 4400 2453 4459 tanquam
2487 4390 2782 4460 repudians
2814 4407 2826 4443 :
2860 4390 3003 4453 Non,
3039 4388 3234 4458 inquit,
3264 4389 3357 4444 sed
3396 4390 3542 4458 quod

1965 4482 2180 4537 abunde
2218 4482 2351 4536 mihi
2383 4482 2455 4543 sit
2480 4522 2493 4547 ,
2525 4488 2629 4536 etc.
2681 4500 2699 4532 ι
2743 4481 2878 4535 Nam
2913 4493 3015 4550 ego
3049 4479 3211 4535 didici
3252 4481 3303 4534 in
3343 4482 3545 4549 quibus

1965 4586 2107 4626 sum.
2149 4590 2169 4623 ι
2220 4570 2493 4625 Doctrina:
2530 4578 2679 4625 certe
2726 4570 2827 4623 hoc
2860 4575 2945 4623 est
2989 4576 3043 4622 et
3088 4567 3360 4623 exercitii.
3404 4568 3543 4634 Quid

1966 4669 2145 4715 autem
2176 4659 2438 4725 didicisti,
2463 4659 2617 4713 beata
2642 4658 2823 4712 anima
2850 4658 2874 4712 ?
2898 4659 2997 4712 His
3022 4658 3075 4712 in
3096 4658 3297 4728 quibus
3322 4673 3467 4717 sunt.
3491 4659 3542 4711 id

289 4759 568 4826 αὐτάρκης
599 4755 758 4810 εἶναι.
795 4776 812 4808 ι
853 4753 983 4809 Οἶδα
1044 4758 1141 4809 καὶ
1172 4755 1581 4811 ταπεινοῦσθαι.
1624 4776 1642 4808 ι
1694 4758 1851 4820 Ἴσως
1887 4742 1929 4795 θ

1887 4742 1929 4795 η
1957 4759 2061 4815 est,
2099 4750 2483 4820 praesentibus.
2534 4764 2659 4805 esse
2714 4756 3011 4804 contentus
3059 4759 3114 4802 et
3160 4747 3540 4803 sufﬁcientiam

286 4849 403 4918 ἐρεῖ
433 4865 535 4910 τις,
568 4848 628 4899 τὸ
661 4847 758 4916 μὲν
788 4847 987 4900 εἰδέναι
1007 4846 1165 4914 λιμὸν
1189 4846 1400 4917 φέρειν,
1446 4845 1669 4916 ἀρετῆς,
1694 4846 1756 4897 τὸ
1797 4846 1853 4898 δὲ

284 4940 668 5009 χορτάζαθαι,
718 4939 878 5002 ποίας
938 4938 1175 5009 ἀρετῆς;
1226 4937 1336 4989 Καὶ
1389 4937 1589 5005 σφόδρα
1628 4936 1851 5004 ἀρετῆς.

288 5031 497 5101 Ὠσπερ
550 5030 658 5099 γὰρ
688 5031 722 5100 ἡ
776 5030 1123 5100 στενοχωρία,
1172 5026 1344 5089 οὕτως
1380 5028 1473 5081 καὶ
1503 5028 1535 5095 ή
1565 5026 1715 5079 ἄδεια
1743 5024 1853 5079 οἶδε

283 5121 488 5173 τίκτειν
523 5120 691 5173 πολλὰ
742 5120 909 5174 κακά.
976 5118 1168 5173 Πολλοὶ
1215 5119 1321 5189 γάρ
1352 5121 1407 5172 ὲν
1441 5117 1670 5187 ἀφθονίᾳ
1699 5118 1854 5185 γενό-

289 5229 461 5282 μενοι,
501 5211 860 5284 ρᾳθυμότεροι
914 5211 1260 5283 γεγένηνται,
1332 5212 1427 5264 καὶ
1472 5210 1572 5263 οὐκ
1627 5209 1851 5277 ίσχυσιιν

284 5304 508 5371 ἐνέγκαι
540 5304 749 5357 κοιλίαν
778 5304 1248 5375 κεχορτασμένην.
1277 5305 1384 5356 Καὶ
1413 5303 1519 5373 γὰρ
1552 5303 1579 5353 ὁ
1608 5303 1851 5372 Ἰσραὴλ,

284 5396 383 5446 οὐκ
412 5395 610 5464 ἧνεγκε
636 5394 725 5447 τὸν
758 5395 941 5467 κόρον,
983 5395 1098 5448 ἀλλ’
1153 5394 1535 5450 ἁπελάκτισεν.
1584 5392 1722 5445 Ἀλλ’
1753 5394 1851 5463 οὐχ

284 5488 313 5538 ὁ
351 5486 577 5548 Παῦλος.
617 5505 637 5540 ι
663 5487 1081 5541 Ταπεινοῦσθαι.
1114 5507 1133 5540 ι
1167 5484 1291 5542 Οἷον
1323 5488 1631 5559 λιμώττειν.
1674 5506 1691 5538 ι
1744 5487 1851 5540 Πε-

288 5578 582 5645 ρισσεύειν.
624 5597 642 5629 ι
680 5572 829 5639 Οἷον,
863 5578 1243 5648 κορέννυσθαι.
1273 5580 1379 5632 Ἕν
1429 5578 1609 5632 παντί
1642 5577 1742 5630 καὶ
1784 5578 1854 5631 ὲν

285 5666 436 5723 πᾶσι
467 5669 777 5740 μεμύημαι.
811 5670 899 5723 Ἐν
925 5672 1084 5723 παντὶ
1118 5672 1426 5741 πράγματι,
1476 5671 1627 5739 φησί,
1661 5670 1754 5721 καὶ
1791 5670 1849 5722 ὲν

358 5851 404 5885 ³⁸
430 5851 587 5909 Deut.
625 5868 794 5917 χχιιι,
816 5853 844 5906 ’1
875 5867 1027 5922 seqq.

620 5946 890 6003 I’nnor.
938 5946 1052 6004 (in.
1104 5934 1384 6000 CXVIII.

1961 4844 2181 4897 habere.
2238 4860 2256 4893 ι
2293 4840 2429 4897 Novi
2469 4850 2524 4896 et
2576 4840 2801 4897 Immitis
2846 4854 2989 4895 esse.
3039 4857 3057 4890 ι
3120 4838 3272 4894 Dicet
3312 4839 3546 4894 fortasse

1960 4934 2158 5004 aliquis
2196 4954 2208 4989 :
2249 4933 2404 4989 Scire
2440 4933 2661 5002 quidem
2703 4930 2846 4986 ferre
2885 4930 3105 4992 famem,
3140 4931 3361 4985 virtutis
3390 4938 3476 4985 est
3529 4949 3541 4983 :

1961 5042 2125 5083 nosse
2159 5034 2341 5082 autem
2367 5024 2628 5089 saturari,
2666 5023 2827 5091 cujus
2875 5022 2979 5078 erit
3014 5022 3236 5078 virtutis
3259 5022 3285 5075 ἲ
3311 5020 3549 5081 Maxime

1957 5122 2121 5176 etiam
2146 5120 2364 5175 virtutis
2410 5128 2513 5173 est.
2562 5114 3032 5183 Quemadmodum
3081 5114 3225 5170 enim
3271 5112 3545 5185 angustia,

1959 5214 2031 5267 ita
2058 5222 2112 5268 et
2138 5211 2410 5268 securitas
2433 5209 2603 5263 multa
2634 5208 2786 5262 novit
2808 5220 3005 5277 parare
3033 5206 3192 5259 mala.
3216 5202 3545 5274 Complures

1958 5318 2191 5373 namque
2212 5302 2302 5373 qui
2334 5300 2399 5355 ad
2428 5298 2822 5354 abundantiam
2847 5303 3239 5367 pervenerunt,
3264 5296 3546 5366 segniores

1959 5395 2087 5449 facti
2117 5402 2276 5459 sunt,
2302 5407 2401 5448 nec
2430 5400 2736 5447 saturatutn
2770 5399 3017 5447 ventrem
3051 5386 3193 5443 ferre
3222 5394 3533 5457 potuerunt:

1961 5487 2175 5542 Etenim
2223 5484 2389 5540 Israel
2420 5483 2727 5538 satietatem
2760 5496 2870 5536 non
2904 5479 3052 5542 tulit,
3089 5477 3183 5532 sed
3226 5476 3544 5531 recalcitra-

1960 5578 2040 5630 vit
2066 5576 2110 5608 ³⁸
2148 5594 2160 5629 :
2200 5583 2255 5628 at
2288 5587 2391 5628 non
2426 5572 2499 5625 ita
2514 5570 2738 5626 Paulus.
2771 5588 2790 5622 ι
2831 5567 3059 5623 Humilis
3080 5581 3224 5633 esse,-
3256 5584 3275 5618 ι
3308 5566 3411 5620 hoc
3436 5573 3542 5628 est,

1968 5665 2110 5722 fame
2139 5664 2335 5737 premi.
2376 5681 2395 5715 ι
2436 5660 2770 5726 Exuberare,
2810 5678 2828 5711 ι
2875 5658 2927 5713 id
2956 5666 3059 5721 est,
3117 5655 3373 5711 saturari.
3402 5650 3543 5710 Ubi-

3102 5924 3179 5986 ιε
